3362 5296
696 573 800 618 NOVUM
820 573 940 618 GABlOEN
960 573 1091 618 monson

410 755 533 823 Audiar
555 756 710 822 Hcllandi
731 777 885 822 resonans
907 757 943 820 in
965 757 1111 842 margine
1134 757 1257 836 Rheni,

503 876 585 954 Quid
607 879 730 963 patriae
753 882 832 943 duro
855 881 997 962 tempore
1020 879 1122 963 possit
1144 901 1244 945 amor.

412 998 525 1064 Rhene
547 1002 655 1083 pater,
679 1001 782 1065 terrae
805 1002 941 1085 cognate
964 999 1005 1063 ab
1028 999 1127 1084 stirpe
1149 999 1307 1078 Batavse,

505 1118 604 1195 Quem
627 1119 745 1184 fessum
766 1119 820 1183 hic
842 1120 941 1205 longa
964 1120 1122 1184 cernimus
1143 1121 1190 1184 irc
1213 1120 1281 1184 via:

414 1240 502 1307 Ante
523 1262 597 1306 suos
619 1245 784 1326 repetens,
809 1241 965 1326 superatis
986 1239 1140 1326 Alpibus,
1165 1243 1273 1318 ortus,

504 1363 683 1428 Hadriacas
705 1363 866 1447 excipient
886 1363 994 1428 nobile
1015 1362 1135 1426 flumen
1158 1383 1275 1446 equae:

416 1483 518 1561 Quam
540 1507 621 1568 pura
642 1485 756 1550 infami
778 1485 956 1551 maculetur
976 1484 1102 1549 foedere
1124 1487 1253 1561 dextra,

507 1603 649 1670 Scribere
674 1609 707 1669 et
729 1606 807 1671 hacc
829 1606 931 1691 possit
952 1605 1087 1670 dedecus
1108 1605 1178 1690 ipsa
1201 1627 1305 1669 suum.

416 1724 535 1790 Vidisti
557 1727 721 1806 intonsos,
746 1725 877 1792 Gattum
900 1747 1002 1812 genus
1026 1747 1115 1804 acre,
1140 1727 1288 1810 parentes

506 1845 548 1911 In
570 1868 702 1911 nemora
723 1848 850 1913 ulvcsos
871 1851 904 1912 et
925 1851 1092 1932 penetrare
1115 1847 1214 1911 sinus,

419 1967 521 2033 Testis
543 1972 611 2034 erat
633 1971 762 2035 sanctae
783 1969 956 2034 virtutibus
977 1970 1084 2034 insula
1105 1968 1208 2046 vitae,

509 2091 701 2174 Magnarum
721 2091 757 2155 in
781 2090 870 2156 cultu
892 2113 1032 2175 paupere
1055 2092 1141 2156 dives
1165 2112 1272 2174 opum.

418 2211 508 2277 Haec
528 2211 626 2276 durae
649 2212 795 2297 genetrix
817 2212 930 2297 pubis,
953 2234 1053 2296 quae,
1076 2212 1162 2276 laeta
1183 2211 1309 2297 pericli,

511 2332 612 2398 Sciret
634 2333 670 2426 in
695 2334 858 2418 oppositos
882 2336 1013 2417 pectora
1035 2332 1117 2397 ferre
1139 2333 1234 2400 viros.

422 2452 524 2530 Quam
546 2453 649 2517 Roma
672 2455 814 2538 optavit,
844 2453 958 2518 domiti
980 2457 1078 2539 caput
1100 2453 1207 2531 orbis,
1230 2453 1367 2533 amicos,

512 2575 674 2642 Illecebris
696 2576 803 2660 potuit
825 2597 883 2641 nec
907 2598 1054 2661 superare
1076 2575 1150 2640 suis.

422 2696 542 2766 Esseda
563 2716 714 2762 nervosos
739 2718 864 2762 sensere
886 2695 1045 2762 Britanna
1065 2698 1218 2774 lacertos,

515 2818 669 2903 Calgacus
691 2822 724 2882 et
745 2818 881 2882 frameas
904 2840 971 2883 non
994 2817 1071 2884 tulit
1092 2818 1161 2901 ipse
1183 2817 1303 2882 breves.

424 2940 568 3005 Libertas
590 2943 624 3004 et
646 2959 727 3004 cana
749 2938 860 3016 Fides,
883 2939 1003 3004 mundo
1026 2939 1114 3004 exsul
1138 2939 1178 3003 ab
1202 2939 1307 3016 omni,

514 3061 617 3126 Trans
639 3060 772 3126 fluvium
793 3061 830 3126 in
852 3061 988 3126 madidis
1011 3062 1083 3125 tuta
1105 3060 1227 3144 quievit
1250 3060 1353 3144 agris:

427 3181 638 3268 Civilemque,
662 3182 802 3247 humeris
826 3182 938 3266 populi
962 3186 1114 3266 scutoque
1137 3181 1296 3259 levatum,

515 3304 679 3368 Afflarunt
701 3305 809 3368 anima
831 3304 974 3367 numinis
998 3303 1092 3367 ambo
1115 3301 1174 3368 sui.

426 3424 513 3488 Hinc
536 3424 629 3488 annis
652 3444 776 3508 semper
798 3445 941 3492 crescens
965 3423 1168 3488 volventibus
1192 3425 1296 3501 aetas,

517 3546 688 3612 Immemor
709 3545 795 3609 haud
818 3544 924 3629 potuit
945 3545 1112 3629 sanguinis
1135 3565 1201 3610 esse
1224 3545 1283 3610 sui.

429 3668 600 3735 Servitium
623 3671 656 3733 et
677 3667 774 3732 falsas
797 3665 917 3750 periuri
939 3666 1076 3750 pectoris
1100 3669 1183 3730 artes
1304 3733 1307 3742 λ

521 3789 670 3868 Odimus,
693 3788 846 3853 indociles
868 3787 946 3852 haec
968 3787 1103 3852 tolerare
1126 3808 1244 3852 sumus.

430 3911 481 3979 Sic
499 3912 620 3997 petria,
644 3910 787 3995 indignis
810 3910 905 3974 toties
928 3909 1076 3973 immersa
1098 3907 1244 3992 periclis,

521 4032 681 4098 Vexatum
705 4030 807 4096 erexit
829 4029 992 4113 pulchrior
1015 4051 1114 4114 usque
1137 4032 1243 4113 caput.

431 4155 485 4219 Ad
506 4152 740 4219 Bredercdeum
764 4149 864 4234 pallet
886 4149 1049 4232 Margrcta
1070 4150 1224 4215 libellum.

523 4272 647 4340 Nobilis
669 4271 747 4337 haec
769 4268 906 4353 aliquid,
929 4268 1002 4352 plus
1024 4271 1123 4355 stipe,
1147 4271 1242 4335 turba
1263 4270 1355 4355 petit.

433 4395 502 4462 Nec
524 4397 632 4458 tamen
654 4392 716 4456 hcc
738 4410 901 4473 magnum.
937 4388 1061 4473 Populo
1083 4413 1142 4456 sua
1163 4392 1235 4456 iura
1254 4391 1425 4476 Philippus

524 4511 663 4590 Reddat,
685 4508 850 4576 carnifices
873 4508 1094 4595 abstineatque
1116 4533 1241 4577 manus.
