3362 5296
378 535 436 594 158
864 551 996 594 almum

468 734 569 819 Saepe
592 735 638 798 ait
661 733 740 798 auh!
764 734 904 798 studium
928 755 978 798 me
1002 734 1121 799 frustra
1141 735 1282 800 obleelad
1301 737 1421 813 11111110,

514 854 667 920 »Frustra
690 877 760 919 aare
782 857 854 918 tuas
877 854 1004 918 horlule
1027 854 1162 940 praedor
1185 861 1282 940 opesz'

470 975 552 1041 »Sed
578 975 671 1040 fiores
694 978 830 1059 possunt
853 978 885 1039 01
907 975 1052 1058 germina
1074 997 1147 1040 vere
1168 975 1302 1051 reverli3

515 1097 585 1161 »Tu
607 1099 709 1160 modo
734 1096 775 1160 sis
799 1096 909 1173 nobis,
933 1096 1031 1159 frater
1053 1098 1174 1172 amate,
1199 1097 1346 1160 redux!”

470 1217 514 1282 Aa
538 1239 659 1282 vereor.
706 1217 852 1282 Subeuul
874 1216 953 1279 milri
977 1219 1069 1280 lanta
1091 1217 1233 1300 pericula
1255 1216 1349 1282 belli:

513 1339 637 1404 Pallida
665 1359 750 1402 mors
773 1340 914 1402 vestrum
937 1337 1040 1421 eingid
1062 1338 1180 1421 ubique
1202 1337 1297 1402 latus.
1396 1391 1399 1395 .

469 1460 529 1524 Ille
551 1459 635 1542 peril
656 1458 734 1522 duro
758 1457 878 1522 fractus
901 1480 958 1521 sua
981 1458 1123 1521 membra
1146 1458 1274 1534 labore;

513 1579 574 1643 Ille
596 1580 680 1662 peril
700 1579 803 1643 mullo
826 1578 963 1663 frigore,
988 1581 1024 1642 al
1046 1579 1101 1642 ille
1123 1577 1216 1642 fame.

469 1701 638 1785 Ignivoma
649 1700 724 1764 huie
736 1703 846 1783 capul,
863 1700 938 1764 huie
950 1700 1082 1764 demunl
1092 1702 1253 1764 tormenta
1265 1701 1422 1780 10001100,

441 1911 443 1914 Ι
515 1809 676 1905 Opprimil
697 1820 784 1884 1111110
806 1819 928 1884 volueri
950 1819 1100 1884 Russieus
1123 1820 1225 1884 hostis
1249 1842 1339 1904 eque.

470 1942 628 2026 Quidquid
641 1941 674 2005 id
686 1944 750 2018 est,
765 1941 791 2004 si
802 1944 835 2004 le
846 1943 999 2004 maueaud
1010 1963 1135 2025 quoque
1146 1941 1213 2004 fala
1225 1941 1284 2004 sub
1295 1941 1413 2019 armis,

515 2063 560 2127 Di
583 2063 644 2126 libi
667 2064 745 2126 dent
766 2084 881 2147 parvas
905 2063 1016 2126 morbis
1040 2062 1157 2126 habere
1180 2064 1302 2127 moras!

470 2182 541 2249 Hoe
567 2183 697 2260 melius,
723 2204 819 2266 quam
844 2183 871 2247 si
894 2183 1006 2246 misere
1030 2204 1087 2267 per
1109 2183 1196 2246 mille
1219 2183 1343 2247 dolores

517 2304 659 2368 Lueleris
681 2305 763 2368 sicae
787 2304 930 2368 emillere
953 2303 993 2367 ab
1017 2325 1071 2368 ore
1095 2303 1253 2379 animam3

468 2423 569 2500 Quam
593 2426 625 2487 le
648 2425 755 2489 vivum
779 2425 876 2489 eliam
899 2427 931 2489 01
955 2427 1125 2489 conantem
1145 2424 1282 2508 plurima
1302 2424 1428 2490 frustra

518 2546 558 2610 In
581 2545 706 2610 lrislem
728 2546 824 2610 iaciad
847 2544 969 2610 Gallica
993 2565 1071 2630 gens
1095 2545 1228 2610 foveam.

476 2666 546 2732 Ah!
571 2668 666 2732 miser
688 2667 806 2732 irascor
829 2668 912 2730 vodis
937 2689 1016 2751 quae
1040 2667 1186 2743 fecimus,
1215 2670 1248 2731 el
1270 2689 1353 2751 quae

517 2788 604 2853 Irala
627 2789 720 2853 nobis
743 2788 843 2852 audiit
866 2810 941 2853 aure
964 2789 1059 2853 Deus.

473 2909 563 2974 Tunc
585 2910 697 2974 melius
721 2931 826 2973 earam
849 2909 983 2992 poluisli
1006 2909 1135 2973 reddere
1159 2910 1274 2986 vidam,

518 3030 678 3116 Aegrolus
701 3030 812 3094 morbo
836 3051 908 3094 cum
932 3051 1107 3113 premerere
1130 3029 1237 3114 gravi:
1314 3018 1317 3022 ⁵

473 3152 574 3215 Arida
596 3174 668 3216 eum
692 3151 789 3214 febris
823 3152 923 3215 lassos
946 3151 1127 3235 depasceret
1150 3153 1255 3227 ardus,

520 3272 563 3335 ut
586 3275 643 3336 lua
666 3293 733 3335 non
755 3294 862 3356 posses
886 3272 1029 3336 membra
1051 3273 1155 3336 levare
1173 3275 1253 3336 1010.

475 3391 591 3456 Oscula
613 3392 767 3456 iunxisset
789 3397 890 3456 mater
913 3393 973 3456 libi
997 3415 1070 3457 eara
1093 3415 1256 3477 suprema;

520 3512 565 3577 Te
588 3514 679 3597 paler
702 3513 866 3597 amplexus
889 3513 1055 3577 deficienle
1078 3535 1194 3590 mauu,

475 3635 616 3700 Dixissel
637 3634 733 3718 pleno
756 3634 877 3698 miseris
901 3634 1094 3717 singultibus
1118 3656 1187 3698 ere:

521 3755 698 3819 Aeternum
721 3754 773 3819 hie
797 3755 905 3832 nobis,
930 3754 1049 3837 optime
1073 3756 1165 3832 nabe,
1191 3755 1277 3818 vale!

477 3874 541 3940 Cur
572 3874 651 3938 mihi
682 3895 748 3938 non
774 3875 865 3940 licuil
886 3877 986 3939 iustos
1010 3874 1069 3937 libi
1090 3875 1219 3939 reddere
1242 3875 1398 3953 honorae,

523 3996 592 4060 Nec
615 3994 693 4080 poni
717 4016 824 4059 earum
847 4017 976 4060 eernere
1000 4016 1114 4080 eorpus
1137 3996 1259 4060 humo?

479 4115 607 4181 Scilicet
628 4115 746 4179 invidit
769 4117 865 4180 11110111
888 4137 955 4180 sors
980 4137 1091 4201 aspera
1114 4117 1253 4192 1110111111,

524 4236 568 4300 Te
592 4257 721 4300 servans
744 4237 813 4300 aliis
837 4258 957 4319 nosque
980 4239 1165 4321 palremque
1189 4237 1291 4301 malis.

480 4357 526 4423 Ul
549 4357 768 4440 Bonaparleae
791 4355 956 4441 praeberes
980 4358 1061 4421 eolla
1084 4358 1202 4435 securi,

475 4539 478 4547 .
526 4479 612 4556 Quae
634 4478 724 4543 nullo
747 4477 886 4543 humana
909 4481 1052 4563 tempore
1074 4480 1168 4543 caede
1194 4480 1297 4543 10001.

171 4798 483 4975 A*
