<?xml version="1.0" encoding="UTF-8"?>
<!DOCTYPE html PUBLIC "-//W3C//DTD XHTML 1.0 Transitional//EN"
    "http://www.w3.org/TR/xhtml1/DTD/xhtml1-transitional.dtd">
<html xmlns="http://www.w3.org/1999/xhtml" xml:lang="en" lang="en">
 <head>
  <title>
</title>
<meta http-equiv="Content-Type" content="text/html;charset=utf-8" />
  <meta name='ocr-system' content='tesseract 3.04.00' />
  <meta name='ocr-capabilities' content='ocr_page ocr_carea ocr_par ocr_line ocrx_word'/>
</head>
<body>
  <div class='ocr_page' id='page_1' title='image "./opusculaoratori00peergoog/opusculaoratori00peergoog_0239.png"; bbox 0 0 3362 5296; ppageno 0'>
   <div class='ocr_carea' id='block_1_1' title="bbox 387 591 1170 661">
    <p class='ocr_par' dir='ltr' id='par_1_1' title="bbox 387 591 1170 661">
     <span class='ocr_line' id='line_1_1' title="bbox 387 591 1170 661; baseline 0.004 -4"><span class='ocrx_word' id='word_1_1' title='bbox 387 591 446 661; x_wconf 70' lang='grc'><strong>116</strong></span> <span class='ocrx_word' id='word_1_2' title='bbox 715 615 837 660; x_wconf 79' lang='grc'>1111111</span> <span class='ocrx_word' id='word_1_3' title='bbox 860 614 1022 660; x_wconf 72' lang='lat' dir='ltr'><strong>munusue</strong></span> <span class='ocrx_word' id='word_1_4' title='bbox 1045 613 1170 660; x_wconf 77' lang='grc'>11111111.</span> 
     </span>
    </p>
   </div>
   <div class='ocr_carea' id='block_1_2' title="bbox 430 799 1455 3670">
    <p class='ocr_par' dir='ltr' id='par_1_2' title="bbox 432 799 1283 1109">
     <span class='ocr_line' id='line_1_2' title="bbox 432 799 1283 886; baseline 0.002 -22"><span class='ocrx_word' id='word_1_5' title='bbox 432 800 523 865; x_wconf 89' lang='lat' dir='ltr'><strong>Inter</strong></span> <span class='ocrx_word' id='word_1_6' title='bbox 546 822 619 865; x_wconf 86' lang='lat' dir='ltr'><strong>aves</strong></span> <span class='ocrx_word' id='word_1_7' title='bbox 639 799 800 885; x_wconf 80' lang='lat' dir='ltr'><strong>silvasque</strong></span> <span class='ocrx_word' id='word_1_8' title='bbox 823 804 856 864; x_wconf 91' lang='lat' dir='ltr'><strong>et</strong></span> <span class='ocrx_word' id='word_1_9' title='bbox 879 823 995 885; x_wconf 86' lang='lat' dir='ltr'><strong>pascua</strong></span> <span class='ocrx_word' id='word_1_10' title='bbox 1019 801 1123 865; x_wconf 84' lang='lat' dir='ltr'><strong>vivere</strong></span> <span class='ocrx_word' id='word_1_11' title='bbox 1147 803 1283 886; x_wconf 90' lang='lat' dir='ltr'><strong>possim,</strong></span> 
     </span>
     <span class='ocr_line' id='line_1_3' title="bbox 433 920 1267 1009; baseline 0.004 -24"><span class='ocrx_word' id='word_1_12' title='bbox 433 920 550 986; x_wconf 84' lang='lat' dir='ltr'>Vivere</span> <span class='ocrx_word' id='word_1_13' title='bbox 574 944 676 986; x_wconf 92' lang='lat' dir='ltr'><strong>amem</strong></span> <span class='ocrx_word' id='word_1_14' title='bbox 701 921 869 988; x_wconf 82' lang='lat' dir='ltr'><strong>mediisin</strong></span> <span class='ocrx_word' id='word_1_15' title='bbox 892 923 1134 1009; x_wconf 70' lang='lat' dir='ltr'><strong>tempestatibus</strong></span> <span class='ocrx_word' id='word_1_16' title='bbox 1158 923 1267 1002; x_wconf 90' lang='lat' dir='ltr'><strong>urbis,</strong></span> 
     </span>
     <span class='ocr_line' id='line_1_4' title="bbox 433 1039 1251 1109; baseline 0.004 -4"><span class='ocrx_word' id='word_1_17' title='bbox 433 1039 634 1107; x_wconf 78' lang='lat' dir='ltr'><strong>Contristans</strong></span> <span class='ocrx_word' id='word_1_18' title='bbox 656 1041 739 1109; x_wconf 87' lang='lat' dir='ltr'><strong>facie</strong></span> <span class='ocrx_word' id='word_1_19' title='bbox 763 1044 947 1109; x_wconf 87' lang='lat' dir='ltr'><strong>miserarum</strong></span> <span class='ocrx_word' id='word_1_20' title='bbox 975 1043 1098 1107; x_wconf 87' lang='lat' dir='ltr'><strong>lumina</strong></span> <span class='ocrx_word' id='word_1_21' title='bbox 1121 1047 1251 1108; x_wconf 79' lang='lat' dir='ltr'><strong>rerum?</strong></span> 
     </span>
    </p>

    <p class='ocr_par' dir='ltr' id='par_1_3' title="bbox 430 1160 1438 1973">
     <span class='ocr_line' id='line_1_5' title="bbox 432 1160 1330 1248; baseline 0.003 -21"><span class='ocrx_word' id='word_1_22' title='bbox 432 1160 508 1227; x_wconf 88' lang='lat' dir='ltr'><strong>Non</strong></span> <span class='ocrx_word' id='word_1_23' title='bbox 532 1185 630 1247; x_wconf 88' lang='lat' dir='ltr'><strong>equus</strong></span> <span class='ocrx_word' id='word_1_24' title='bbox 652 1163 705 1228; x_wconf 87' lang='lat' dir='ltr'><strong>hic</strong></span> <span class='ocrx_word' id='word_1_25' title='bbox 728 1163 837 1248; x_wconf 81' lang='lat' dir='ltr'><strong>glebas</strong></span> <span class='ocrx_word' id='word_1_26' title='bbox 862 1165 1017 1229; x_wconf 88' lang='lat' dir='ltr'><strong>detrectat</strong></span> <span class='ocrx_word' id='word_1_27' title='bbox 1041 1163 1182 1229; x_wconf 83' lang='lat' dir='ltr'><strong>scindere</strong></span> <span class='ocrx_word' id='word_1_28' title='bbox 1207 1169 1330 1245; x_wconf 88' lang='lat' dir='ltr'><strong>aratro,</strong></span> 
     </span>
     <span class='ocr_line' id='line_1_6' title="bbox 431 1280 1385 1370; baseline 0.006 -23"><span class='ocrx_word' id='word_1_29' title='bbox 431 1280 485 1347; x_wconf 82' lang='lat' dir='ltr'><strong>Ad</strong></span> <span class='ocrx_word' id='word_1_30' title='bbox 507 1284 643 1348; x_wconf 86' lang='lat' dir='ltr'><strong>mulctra</strong></span> <span class='ocrx_word' id='word_1_31' title='bbox 665 1285 803 1350; x_wconf 77' lang='lat' dir='ltr'><strong>iniussae</strong></span> <span class='ocrx_word' id='word_1_32' title='bbox 824 1287 1000 1370; x_wconf 88' lang='lat' dir='ltr'><strong>properant</strong></span> <span class='ocrx_word' id='word_1_33' title='bbox 1021 1287 1113 1349; x_wconf 90' lang='lat' dir='ltr'><strong>tento</strong></span> <span class='ocrx_word' id='word_1_34' title='bbox 1137 1286 1232 1350; x_wconf 90' lang='lat' dir='ltr'><strong>ubere</strong></span> <span class='ocrx_word' id='word_1_35' title='bbox 1256 1309 1385 1368; x_wconf 86' lang='lat' dir='ltr'><strong>vaccae,</strong></span> 
     </span>
     <span class='ocr_line' id='line_1_7' title="bbox 431 1401 1369 1490; baseline 0.005 -21"><span class='ocrx_word' id='word_1_36' title='bbox 431 1401 533 1469; x_wconf 82' lang='lat' dir='ltr'><strong>Audit</strong></span> <span class='ocrx_word' id='word_1_37' title='bbox 555 1404 623 1469; x_wconf 85' lang='lat' dir='ltr'><strong>ovis</strong></span> <span class='ocrx_word' id='word_1_38' title='bbox 646 1408 815 1490; x_wconf 87' lang='lat' dir='ltr'><strong>pastorem.</strong></span> <span class='ocrx_word' id='word_1_39' title='bbox 862 1405 925 1469; x_wconf 89' lang='lat' dir='ltr'><strong>Hic</strong></span> <span class='ocrx_word' id='word_1_40' title='bbox 949 1428 1114 1490; x_wconf 89' lang='lat' dir='ltr'><strong>nunquam</strong></span> <span class='ocrx_word' id='word_1_41' title='bbox 1137 1410 1221 1471; x_wconf 90' lang='lat' dir='ltr'><strong>terra</strong></span> <span class='ocrx_word' id='word_1_42' title='bbox 1244 1414 1369 1474; x_wconf 81' lang='lat' dir='ltr'><strong>recusat</strong></span> 
     </span>
     <span class='ocr_line' id='line_1_8' title="bbox 431 1525 1327 1611; baseline 0.002 -21"><span class='ocrx_word' id='word_1_43' title='bbox 431 1525 621 1608; x_wconf 79' lang='lat' dir='ltr'><strong>Imperium,</strong></span> <span class='ocrx_word' id='word_1_44' title='bbox 646 1527 703 1589; x_wconf 89' lang='lat' dir='ltr'><strong>aut</strong></span> <span class='ocrx_word' id='word_1_45' title='bbox 726 1527 817 1610; x_wconf 91' lang='lat' dir='ltr'><strong>aequi</strong></span> <span class='ocrx_word' id='word_1_46' title='bbox 840 1525 924 1589; x_wconf 87' lang='lat' dir='ltr'><strong>fallit</strong></span> <span class='ocrx_word' id='word_1_47' title='bbox 948 1549 1036 1610; x_wconf 91' lang='lat' dir='ltr'><strong>spem</strong></span> <span class='ocrx_word' id='word_1_48' title='bbox 1059 1527 1188 1611; x_wconf 83' lang='lat' dir='ltr'><strong>ingrata</strong></span> <span class='ocrx_word' id='word_1_49' title='bbox 1212 1527 1327 1592; x_wconf 86' lang='lat' dir='ltr'><strong>coloni.</strong></span> 
     </span>
     <span class='ocr_line' id='line_1_9' title="bbox 431 1645 1438 1732; baseline 0.007 -22"><span class='ocrx_word' id='word_1_50' title='bbox 431 1645 513 1710; x_wconf 79' lang='lat' dir='ltr'><strong>Ecce</strong></span> <span class='ocrx_word' id='word_1_51' title='bbox 537 1645 652 1710; x_wconf 82' lang='lat' dir='ltr'><strong>iterum</strong></span> <span class='ocrx_word' id='word_1_52' title='bbox 679 1645 905 1731; x_wconf 83' lang='lat' dir='ltr'><strong>Omnipotens,</strong></span> <span class='ocrx_word' id='word_1_53' title='bbox 931 1648 1040 1732; x_wconf 91' lang='lat' dir='ltr'><strong>pulsae</strong></span> <span class='ocrx_word' id='word_1_54' title='bbox 1059 1651 1132 1732; x_wconf 93' lang='lat' dir='ltr'><strong>post</strong></span> <span class='ocrx_word' id='word_1_55' title='bbox 1151 1648 1271 1732; x_wconf 83' lang='lat' dir='ltr'><strong>frigora</strong></span> <span class='ocrx_word' id='word_1_56' title='bbox 1291 1649 1438 1732; x_wconf 82' lang='lat' dir='ltr'><strong>brumae,</strong></span> 
     </span>
     <span class='ocr_line' id='line_1_10' title="bbox 430 1764 1286 1853; baseline 0.002 -22"><span class='ocrx_word' id='word_1_57' title='bbox 430 1764 527 1850; x_wconf 79' lang='lat' dir='ltr'><strong>Agris</strong></span> <span class='ocrx_word' id='word_1_58' title='bbox 559 1767 787 1853; x_wconf 82' lang='lat' dir='ltr'><strong>arboribusque</strong></span> <span class='ocrx_word' id='word_1_59' title='bbox 810 1790 915 1833; x_wconf 89' lang='lat' dir='ltr'><strong>comas</strong></span> <span class='ocrx_word' id='word_1_60' title='bbox 940 1771 973 1832; x_wconf 91' lang='lat' dir='ltr'><strong>et</strong></span> <span class='ocrx_word' id='word_1_61' title='bbox 994 1769 1142 1853; x_wconf 87' lang='lat' dir='ltr'><strong>gramina</strong></span> <span class='ocrx_word' id='word_1_62' title='bbox 1166 1769 1286 1848; x_wconf 89' lang='lat' dir='ltr'><strong>reddit,</strong></span> 
     </span>
     <span class='ocr_line' id='line_1_11' title="bbox 430 1886 1253 1973; baseline 0.004 -22"><span class='ocrx_word' id='word_1_63' title='bbox 430 1886 553 1971; x_wconf 91' lang='lat' dir='ltr'><strong>Perque</strong></span> <span class='ocrx_word' id='word_1_64' title='bbox 577 1889 664 1952; x_wconf 83' lang='lat' dir='ltr'><strong>artus</strong></span> <span class='ocrx_word' id='word_1_65' title='bbox 688 1910 847 1973; x_wconf 84' lang='lat' dir='ltr'><strong>venasque</strong></span> <span class='ocrx_word' id='word_1_66' title='bbox 868 1911 978 1954; x_wconf 90' lang='lat' dir='ltr'><strong>recens</strong></span> <span class='ocrx_word' id='word_1_67' title='bbox 1003 1890 1117 1954; x_wconf 88' lang='lat' dir='ltr'><strong>diffusa</strong></span> <span class='ocrx_word' id='word_1_68' title='bbox 1140 1890 1253 1956; x_wconf 87' lang='lat' dir='ltr'><strong>seniles</strong></span> 
     </span>
    </p>

    <p class='ocr_par' dir='ltr' id='par_1_4' title="bbox 431 2006 1389 2458">
     <span class='ocr_line' id='line_1_12' title="bbox 431 2006 1389 2096; baseline 0.006 -24"><span class='ocrx_word' id='word_1_69' title='bbox 431 2006 521 2073; x_wconf 87' lang='lat' dir='ltr'><strong>Aura</strong></span> <span class='ocrx_word' id='word_1_70' title='bbox 542 2010 669 2074; x_wconf 81' lang='lat' dir='ltr'><strong>breuem</strong></span> <span class='ocrx_word' id='word_1_71' title='bbox 693 2011 872 2094; x_wconf 82' lang='lat' dir='ltr'><strong>aegrotanti</strong></span> <span class='ocrx_word' id='word_1_72' title='bbox 895 2011 1001 2075; x_wconf 89' lang='lat' dir='ltr'><strong>animo</strong></span> <span class='ocrx_word' id='word_1_73' title='bbox 1026 2033 1113 2096; x_wconf 90' lang='lat' dir='ltr'><strong>spem</strong></span> <span class='ocrx_word' id='word_1_74' title='bbox 1138 2034 1236 2076; x_wconf 85' lang='lat' dir='ltr'><strong>verna</strong></span> <span class='ocrx_word' id='word_1_75' title='bbox 1257 2011 1389 2078; x_wconf 88' lang='lat' dir='ltr'><strong>reducit.</strong></span> 
     </span>
     <span class='ocr_line' id='line_1_13' title="bbox 432 2123 1334 2198; baseline 0.007 -6"><span class='ocrx_word' id='word_1_76' title='bbox 432 2127 600 2194; x_wconf 79' lang='lat' dir='ltr'><strong>Extremae</strong></span> <span class='ocrx_word' id='word_1_77' title='bbox 623 2129 699 2195; x_wconf 88' lang='lat' dir='ltr'><strong>haec</strong></span> <span class='ocrx_word' id='word_1_78' title='bbox 721 2130 857 2196; x_wconf 89' lang='lat' dir='ltr'><strong>fortasse</strong></span> <span class='ocrx_word' id='word_1_79' title='bbox 880 2132 1001 2196; x_wconf 88' lang='lat' dir='ltr'><strong>micans</strong></span> <span class='ocrx_word' id='word_1_80' title='bbox 1023 2132 1162 2197; x_wconf 88' lang='lat' dir='ltr'><strong>scintilla</strong></span> <span class='ocrx_word' id='word_1_81' title='bbox 1184 2123 1334 2198; x_wconf 84' lang='lat' dir='ltr'><strong>lucernae</strong></span> 
     </span>
     <span class='ocr_line' id='line_1_14' title="bbox 432 2248 1289 2331; baseline 0.005 -19"><span class='ocrx_word' id='word_1_82' title='bbox 432 2248 473 2313; x_wconf 95' lang='lat' dir='ltr'><strong>In</strong></span> <span class='ocrx_word' id='word_1_83' title='bbox 495 2251 632 2316; x_wconf 90' lang='lat' dir='ltr'><strong>cinerem</strong></span> <span class='ocrx_word' id='word_1_84' title='bbox 656 2255 688 2316; x_wconf 91' lang='lat' dir='ltr'><strong>et</strong></span> <span class='ocrx_word' id='word_1_85' title='bbox 710 2251 834 2317; x_wconf 85' lang='lat' dir='ltr'><strong>fumum</strong></span> <span class='ocrx_word' id='word_1_86' title='bbox 857 2275 932 2317; x_wconf 86' lang='lat' dir='ltr'><strong>mox</strong></span> <span class='ocrx_word' id='word_1_87' title='bbox 955 2254 1120 2319; x_wconf 86' lang='lat' dir='ltr'><strong>evanescet</strong></span> <span class='ocrx_word' id='word_1_88' title='bbox 1142 2254 1289 2331; x_wconf 88' lang='lat' dir='ltr'><strong>inanem,</strong></span> 
     </span>
     <span class='ocr_line' id='line_1_15' title="bbox 433 2370 1276 2458; baseline 0.006 -24"><span class='ocrx_word' id='word_1_89' title='bbox 433 2370 651 2457; x_wconf 79' lang='lat' dir='ltr'><strong>Misceborque</strong></span> <span class='ocrx_word' id='word_1_90' title='bbox 674 2373 752 2438; x_wconf 87' lang='lat' dir='ltr'><strong>levis</strong></span> <span class='ocrx_word' id='word_1_91' title='bbox 776 2373 892 2438; x_wconf 91' lang='lat' dir='ltr'><strong>tumuli</strong></span> <span class='ocrx_word' id='word_1_92' title='bbox 915 2395 986 2438; x_wconf 89' lang='lat' dir='ltr'><strong>curn</strong></span> <span class='ocrx_word' id='word_1_93' title='bbox 1008 2373 1138 2458; x_wconf 84' lang='lat' dir='ltr'><strong>pulvere</strong></span> <span class='ocrx_word' id='word_1_94' title='bbox 1162 2375 1276 2458; x_wconf 83' lang='lat' dir='ltr'><strong>pulvis.</strong></span> 
     </span>
    </p>

    <p class='ocr_par' dir='ltr' id='par_1_5' title="bbox 432 2495 1455 3186">
     <span class='ocr_line' id='line_1_16' title="bbox 433 2495 1365 2580; baseline -0.003 -17"><span class='ocrx_word' id='word_1_95' title='bbox 433 2497 487 2563; x_wconf 82' lang='lat' dir='ltr'><strong>Sol</strong></span> <span class='ocrx_word' id='word_1_96' title='bbox 517 2516 596 2580; x_wconf 90' lang='lat' dir='ltr'><strong>quos</strong></span> <span class='ocrx_word' id='word_1_97' title='bbox 622 2516 709 2559; x_wconf 91' lang='lat' dir='ltr'><strong>nunc</strong></span> <span class='ocrx_word' id='word_1_98' title='bbox 735 2499 884 2580; x_wconf 89' lang='lat' dir='ltr'><strong>properat</strong></span> <span class='ocrx_word' id='word_1_99' title='bbox 909 2495 1019 2561; x_wconf 84' lang='lat' dir='ltr'><strong>silvam</strong></span> <span class='ocrx_word' id='word_1_100' title='bbox 1047 2496 1148 2559; x_wconf 88' lang='lat' dir='ltr'><strong>celare</strong></span> <span class='ocrx_word' id='word_1_101' title='bbox 1172 2496 1230 2559; x_wconf 88' lang='lat' dir='ltr'><strong>sub</strong></span> <span class='ocrx_word' id='word_1_102' title='bbox 1254 2495 1365 2574; x_wconf 88' lang='lat' dir='ltr'><strong>istam,</strong></span> 
     </span>
     <span class='ocr_line' id='line_1_17' title="bbox 432 2615 1292 2701; baseline -0.002 -19"><span class='ocrx_word' id='word_1_103' title='bbox 432 2618 581 2683; x_wconf 90' lang='lat' dir='ltr'><strong>Promere</strong></span> <span class='ocrx_word' id='word_1_104' title='bbox 604 2639 671 2681; x_wconf 88' lang='lat' dir='ltr'><strong>cras</strong></span> <span class='ocrx_word' id='word_1_105' title='bbox 693 2617 798 2680; x_wconf 89' lang='lat' dir='ltr'><strong>radios</strong></span> <span class='ocrx_word' id='word_1_106' title='bbox 821 2639 933 2700; x_wconf 91' lang='lat' dir='ltr'><strong>campo</strong></span> <span class='ocrx_word' id='word_1_107' title='bbox 956 2615 1140 2701; x_wconf 89' lang='lat' dir='ltr'><strong>properabit</strong></span> <span class='ocrx_word' id='word_1_108' title='bbox 1163 2617 1203 2680; x_wconf 87' lang='lat' dir='ltr'><strong>ab</strong></span> <span class='ocrx_word' id='word_1_109' title='bbox 1226 2616 1292 2680; x_wconf 87' lang='lat' dir='ltr'><strong>illo.</strong></span> 
     </span>
     <span class='ocr_line' id='line_1_18' title="bbox 434 2737 1289 2822; baseline -0.005 -18"><span class='ocrx_word' id='word_1_110' title='bbox 434 2738 515 2804; x_wconf 82' lang='lat' dir='ltr'><strong>Ourn</strong></span> <span class='ocrx_word' id='word_1_111' title='bbox 538 2739 634 2804; x_wconf 90' lang='lat' dir='ltr'><strong>semel</strong></span> <span class='ocrx_word' id='word_1_112' title='bbox 657 2737 806 2802; x_wconf 87' lang='lat' dir='ltr'><strong>occiderit</strong></span> <span class='ocrx_word' id='word_1_113' title='bbox 827 2759 913 2800; x_wconf 88' lang='lat' dir='ltr'><strong>serae</strong></span> <span class='ocrx_word' id='word_1_114' title='bbox 933 2737 1011 2800; x_wconf 88' lang='lat' dir='ltr'><strong>milri</strong></span> <span class='ocrx_word' id='word_1_115' title='bbox 1033 2759 1163 2822; x_wconf 86' lang='lat' dir='ltr'><strong>vespera</strong></span> <span class='ocrx_word' id='word_1_116' title='bbox 1186 2737 1289 2815; x_wconf 86' lang='lat' dir='ltr'><strong>vitae,</strong></span> 
     </span>
     <span class='ocr_line' id='line_1_19' title="bbox 434 2858 1302 2926; baseline -0.006 0"><span class='ocrx_word' id='word_1_117' title='bbox 434 2861 597 2926; x_wconf 91' lang='lat' dir='ltr'><strong>Discutere</strong></span> <span class='ocrx_word' id='word_1_118' title='bbox 619 2859 682 2924; x_wconf 90' lang='lat' dir='ltr'><strong>huc</strong></span> <span class='ocrx_word' id='word_1_119' title='bbox 704 2861 789 2923; x_wconf 87' lang='lat' dir='ltr'><strong>atras</strong></span> <span class='ocrx_word' id='word_1_120' title='bbox 811 2859 919 2923; x_wconf 84' lang='lat' dir='ltr'><strong>veniet</strong></span> <span class='ocrx_word' id='word_1_121' title='bbox 941 2859 997 2922; x_wconf 87' lang='lat' dir='ltr'><strong>lux</strong></span> <span class='ocrx_word' id='word_1_122' title='bbox 1020 2859 1110 2924; x_wconf 87' lang='lat' dir='ltr'><strong>nulla</strong></span> <span class='ocrx_word' id='word_1_123' title='bbox 1131 2858 1302 2922; x_wconf 76' lang='lat' dir='ltr'><strong>tenebras?</strong></span> 
     </span>
     <span class='ocr_line' id='line_1_20' title="bbox 434 2979 1455 3058; baseline 0 -11"><span class='ocrx_word' id='word_1_124' title='bbox 434 2982 510 3047; x_wconf 92' lang='lat' dir='ltr'><strong>Non</strong></span> <span class='ocrx_word' id='word_1_125' title='bbox 533 2983 596 3058; x_wconf 89' lang='lat' dir='ltr'><strong>ita,</strong></span> <span class='ocrx_word' id='word_1_126' title='bbox 620 3002 696 3044; x_wconf 90' lang='lat' dir='ltr'><strong>non.</strong></span> <span class='ocrx_word' id='word_1_127' title='bbox 743 2980 837 3045; x_wconf 90' lang='lat' dir='ltr'><strong>Ultra</strong></span> <span class='ocrx_word' id='word_1_128' title='bbox 859 2980 946 3044; x_wconf 88' lang='lat' dir='ltr'><strong>hune</strong></span> <span class='ocrx_word' id='word_1_129' title='bbox 969 2980 1128 3044; x_wconf 91' lang='lat' dir='ltr'><strong>tumulum</strong></span> <span class='ocrx_word' id='word_1_130' title='bbox 1152 2981 1200 3044; x_wconf 92' lang='lat' dir='ltr'><strong>sol</strong></span> <span class='ocrx_word' id='word_1_131' title='bbox 1223 2979 1345 3044; x_wconf 88' lang='lat' dir='ltr'><strong>eminus</strong></span> <span class='ocrx_word' id='word_1_132' title='bbox 1368 2982 1455 3047; x_wconf 86' lang='lat' dir='ltr'><strong>alter</strong></span> 
     </span>
     <span class='ocr_line' id='line_1_21' title="bbox 434 3101 1185 3186; baseline -0.004 -19"><span class='ocrx_word' id='word_1_133' title='bbox 434 3102 583 3168; x_wconf 89' lang='lat' dir='ltr'><strong>Ostendit</strong></span> <span class='ocrx_word' id='word_1_134' title='bbox 605 3102 697 3186; x_wconf 85' lang='lat' dir='ltr'><strong>signa</strong></span> <span class='ocrx_word' id='word_1_135' title='bbox 720 3102 852 3186; x_wconf 82' lang='lat' dir='ltr'><strong>ignotae</strong></span> <span class='ocrx_word' id='word_1_136' title='bbox 874 3101 1064 3185; x_wconf 88' lang='lat' dir='ltr'><strong>praenuntia</strong></span> <span class='ocrx_word' id='word_1_137' title='bbox 1088 3101 1185 3179; x_wconf 88' lang='lat' dir='ltr'><strong>lucis,</strong></span> 
     </span>
    </p>

    <p class='ocr_par' dir='ltr' id='par_1_6' title="bbox 432 3222 1392 3670">
     <span class='ocr_line' id='line_1_22' title="bbox 433 3222 1392 3308; baseline -0.005 -20"><span class='ocrx_word' id='word_1_138' title='bbox 433 3224 519 3300; x_wconf 81' lang='lat' dir='ltr'><strong>Quae</strong></span> <span class='ocrx_word' id='word_1_139' title='bbox 542 3223 652 3308; x_wconf 82' lang='lat' dir='ltr'><strong>magni</strong></span> <span class='ocrx_word' id='word_1_140' title='bbox 675 3223 819 3287; x_wconf 83' lang='lat' dir='ltr'><strong>exoriens</strong></span> <span class='ocrx_word' id='word_1_141' title='bbox 843 3222 1007 3305; x_wconf 91' lang='lat' dir='ltr'><strong>completis</strong></span> <span class='ocrx_word' id='word_1_142' title='bbox 1030 3222 1191 3286; x_wconf 86' lang='lat' dir='ltr'><strong>mensibus</strong></span> <span class='ocrx_word' id='word_1_143' title='bbox 1213 3222 1307 3299; x_wconf 88' lang='lat' dir='ltr'><strong>anni,</strong></span> <span class='ocrx_word' id='word_1_144' title='bbox 1391 3235 1392 3242; x_wconf 75' lang='grc'>’</span> 
     </span>
     <span class='ocr_line' id='line_1_23' title="bbox 432 3342 1198 3428; baseline -0.004 -19"><span class='ocrx_word' id='word_1_145' title='bbox 432 3345 473 3409; x_wconf 93' lang='lat' dir='ltr'><strong>In</strong></span> <span class='ocrx_word' id='word_1_146' title='bbox 498 3345 594 3408; x_wconf 87' lang='lat' dir='ltr'><strong>radiis</strong></span> <span class='ocrx_word' id='word_1_147' title='bbox 618 3364 757 3428; x_wconf 89' lang='lat' dir='ltr'><strong>auroque</strong></span> <span class='ocrx_word' id='word_1_148' title='bbox 778 3344 840 3407; x_wconf 90' lang='lat' dir='ltr'><strong>ibit</strong></span> <span class='ocrx_word' id='word_1_149' title='bbox 863 3365 919 3426; x_wconf 92' lang='lat' dir='ltr'><strong>per</strong></span> <span class='ocrx_word' id='word_1_150' title='bbox 943 3345 1031 3407; x_wconf 86' lang='lat' dir='ltr'><strong>muta</strong></span> <span class='ocrx_word' id='word_1_151' title='bbox 1055 3342 1198 3426; x_wconf 89' lang='lat' dir='ltr'><strong>sepulcra</strong></span> 
     </span>
     <span class='ocr_line' id='line_1_24' title="bbox 434 3463 1273 3549; baseline -0.001 -20"><span class='ocrx_word' id='word_1_152' title='bbox 434 3464 614 3530; x_wconf 80' lang='lat' dir='ltr'><strong>Seminibus</strong></span> <span class='ocrx_word' id='word_1_153' title='bbox 636 3463 735 3527; x_wconf 82' lang='lat' dir='ltr'><strong>vitam</strong></span> <span class='ocrx_word' id='word_1_154' title='bbox 758 3465 919 3527; x_wconf 87' lang='lat' dir='ltr'><strong>aeternam</strong></span> <span class='ocrx_word' id='word_1_155' title='bbox 941 3464 1097 3549; x_wconf 90' lang='lat' dir='ltr'><strong>inspirare</strong></span> <span class='ocrx_word' id='word_1_156' title='bbox 1120 3464 1273 3547; x_wconf 79' lang='lat' dir='ltr'><strong>repostis3</strong></span> 
     </span>
     <span class='ocr_line' id='line_1_25' title="bbox 434 3583 1291 3670; baseline -0.002 -20"><span class='ocrx_word' id='word_1_157' title='bbox 434 3585 536 3662; x_wconf 85' lang='lat' dir='ltr'><strong>Quam</strong></span> <span class='ocrx_word' id='word_1_158' title='bbox 560 3585 686 3670; x_wconf 88' lang='lat' dir='ltr'><strong>qualern</strong></span> <span class='ocrx_word' id='word_1_159' title='bbox 708 3585 743 3647; x_wconf 93' lang='lat' dir='ltr'><strong>in</strong></span> <span class='ocrx_word' id='word_1_160' title='bbox 765 3583 884 3648; x_wconf 88' lang='lat' dir='ltr'><strong>sanctis</strong></span> <span class='ocrx_word' id='word_1_161' title='bbox 907 3584 983 3648; x_wconf 93' lang='lat' dir='ltr'><strong>olim</strong></span> <span class='ocrx_word' id='word_1_162' title='bbox 1006 3585 1193 3648; x_wconf 90' lang='lat' dir='ltr'><strong>mirabimur</strong></span> <span class='ocrx_word' id='word_1_163' title='bbox 1212 3585 1291 3649; x_wconf 87' lang='lat' dir='ltr'><strong>oris!</strong></span> 
     </span>
    </p>
   </div>
   <div class='ocr_carea' id='block_1_3' title="bbox 434 3705 1279 3790">
    <p class='ocr_par' dir='ltr' id='par_1_7' title="bbox 434 3705 1279 3790">
     <span class='ocr_line' id='line_1_26' title="bbox 434 3705 1279 3790; baseline -0.004 -19"><span class='ocrx_word' id='word_1_164' title='bbox 434 3706 506 3771; x_wconf 87' lang='lat' dir='ltr'><strong>Illic</strong></span> <span class='ocrx_word' id='word_1_165' title='bbox 529 3728 603 3772; x_wconf 84' lang='lat' dir='ltr'><strong>vera</strong></span> <span class='ocrx_word' id='word_1_166' title='bbox 626 3706 714 3790; x_wconf 92' lang='lat' dir='ltr'><strong>quies</strong></span> <span class='ocrx_word' id='word_1_167' title='bbox 737 3705 899 3783; x_wconf 89' lang='lat' dir='ltr'><strong>animum,</strong></span> <span class='ocrx_word' id='word_1_168' title='bbox 922 3705 989 3769; x_wconf 90' lang='lat' dir='ltr'><strong>illic</strong></span> <span class='ocrx_word' id='word_1_169' title='bbox 1011 3706 1199 3790; x_wconf 90' lang='lat' dir='ltr'><strong>perpetuum</strong></span> <span class='ocrx_word' id='word_1_170' title='bbox 1224 3727 1279 3769; x_wconf 84' lang='lat' dir='ltr'><strong>ver</strong></span> 
     </span>
    </p>
   </div>
   <div class='ocr_carea' id='block_1_4' title="bbox 434 3824 1423 4276">
    <p class='ocr_par' dir='ltr' id='par_1_8' title="bbox 435 3824 1243 3911">
     <span class='ocr_line' id='line_1_27' title="bbox 435 3824 1243 3911; baseline -0.005 -18"><span class='ocrx_word' id='word_1_171' title='bbox 435 3828 624 3893; x_wconf 89' lang='lat' dir='ltr'><strong>Muleebunt</strong></span> <span class='ocrx_word' id='word_1_172' title='bbox 649 3827 790 3911; x_wconf 89' lang='lat' dir='ltr'><strong>placidos</strong></span> <span class='ocrx_word' id='word_1_173' title='bbox 813 3826 911 3890; x_wconf 88' lang='lat' dir='ltr'><strong>tacita</strong></span> <span class='ocrx_word' id='word_1_174' title='bbox 935 3824 1101 3890; x_wconf 81' lang='lat' dir='ltr'><strong>dulcedine</strong></span> <span class='ocrx_word' id='word_1_175' title='bbox 1124 3848 1243 3903; x_wconf 89' lang='lat' dir='ltr'><strong>sensus.</strong></span> 
     </span>
    </p>

    <p class='ocr_par' dir='ltr' id='par_1_9' title="bbox 434 3945 1423 4154">
     <span class='ocr_line' id='line_1_28' title="bbox 434 3945 1423 4032; baseline -0.002 -18"><span class='ocrx_word' id='word_1_176' title='bbox 434 3948 503 4026; x_wconf 82' lang='lat' dir='ltr'><strong>Quo</strong></span> <span class='ocrx_word' id='word_1_177' title='bbox 527 3949 607 4013; x_wconf 87' lang='lat' dir='ltr'><strong>mihi</strong></span> <span class='ocrx_word' id='word_1_178' title='bbox 629 3948 792 4024; x_wconf 89' lang='lat' dir='ltr'><strong>tendenti,</strong></span> <span class='ocrx_word' id='word_1_179' title='bbox 818 3945 945 4012; x_wconf 78' lang='lat' dir='ltr'><strong>Christo</strong></span> <span class='ocrx_word' id='word_1_180' title='bbox 968 3949 1046 4012; x_wconf 89' lang='lat' dir='ltr'><strong>duce</strong></span> <span class='ocrx_word' id='word_1_181' title='bbox 1070 3951 1102 4011; x_wconf 92' lang='lat' dir='ltr'><strong>et</strong></span> <span class='ocrx_word' id='word_1_182' title='bbox 1124 3949 1251 4032; x_wconf 87' lang='lat' dir='ltr'><strong>auspice</strong></span> <span class='ocrx_word' id='word_1_183' title='bbox 1276 3946 1423 4027; x_wconf 81' lang='lat' dir='ltr'><strong>Christo,</strong></span> 
     </span>
     <span class='ocr_line' id='line_1_29' title="bbox 434 4067 1198 4154; baseline -0.004 -19"><span class='ocrx_word' id='word_1_184' title='bbox 434 4069 586 4135; x_wconf 82' lang='lat' dir='ltr'><strong>Errantes</strong></span> <span class='ocrx_word' id='word_1_185' title='bbox 609 4069 812 4154; x_wconf 90' lang='lat' dir='ltr'><strong>trepidosque</strong></span> <span class='ocrx_word' id='word_1_186' title='bbox 834 4069 926 4151; x_wconf 87' lang='lat' dir='ltr'><strong>regat</strong></span> <span class='ocrx_word' id='word_1_187' title='bbox 948 4067 1064 4132; x_wconf 88' lang='lat' dir='ltr'><strong>fiducia</strong></span> <span class='ocrx_word' id='word_1_188' title='bbox 1088 4089 1198 4152; x_wconf 90' lang='lat' dir='ltr'><strong>passus</strong></span> 
     </span>
    </p>

    <p class='ocr_par' dir='ltr' id='par_1_10' title="bbox 434 4188 1203 4276">
     <span class='ocr_line' id='line_1_30' title="bbox 434 4188 1203 4276; baseline -0.005 -20"><span class='ocrx_word' id='word_1_189' title='bbox 434 4192 495 4256; x_wconf 93' lang='lat' dir='ltr'><strong>Per</strong></span> <span class='ocrx_word' id='word_1_190' title='bbox 518 4191 621 4276; x_wconf 87' lang='lat' dir='ltr'><strong>spatia</strong></span> <span class='ocrx_word' id='word_1_191' title='bbox 644 4194 801 4255; x_wconf 83' lang='lat' dir='ltr'><strong>extremae</strong></span> <span class='ocrx_word' id='word_1_192' title='bbox 824 4188 888 4252; x_wconf 89' lang='lat' dir='ltr'><strong>leto</strong></span> <span class='ocrx_word' id='word_1_193' title='bbox 913 4189 1018 4253; x_wconf 86' lang='lat' dir='ltr'><strong>vicina</strong></span> <span class='ocrx_word' id='word_1_194' title='bbox 1040 4192 1203 4253; x_wconf 86' lang='lat' dir='ltr'><strong>senectae!</strong></span> 
     </span>
    </p>
   </div>
   <div class='ocr_carea' id='block_1_5' title="bbox 835 4463 1004 4474">
    <p class='ocr_par' dir='ltr' id='par_1_11' title="bbox 835 4463 1004 4474">
     <span class='ocr_line' id='line_1_31' title="bbox 835 4463 1004 4474; baseline -0.018 0"><span class='ocrx_word' id='word_1_195' title='bbox 835 4463 1004 4474; x_wconf 50' lang='lat'><strong>*—</strong></span> 
     </span>
    </p>
   </div>
   <div class='ocr_carea' id='block_1_6' title="bbox 0 0 1689 5296">
    <p class='ocr_par' dir='ltr' id='par_1_12' title="bbox 0 0 1689 5296">
     <span class='ocr_line' id='line_1_32' title="bbox 0 0 1689 5296; baseline 0 0"><span class='ocrx_word' id='word_1_196' title='bbox 0 0 1689 5296; x_wconf 95' lang='lat' dir='ltr'><strong> </strong></span> 
     </span>
    </p>
   </div>
  </div>
 </body>
</html>
