3362 5300
384 493 445 562 120
600 565 602 570 ,
884 515 991 564 calmo

380 699 572 780 illustravit,
595 693 637 766 'et
665 701 701 765 in
725 701 790 764 otio
810 700 942 786 physica
959 702 1189 780 instrumenta,
1209 704 1399 786 apparatum
1417 725 1490 770 vere

338 909 344 916 .
381 821 524 906 regium,
549 821 687 887 libenter
709 823 871 888 tractavit.

428 942 538 1008 Talem
567 943 758 1039 discipulum
780 943 920 1008 Weisius
941 944 1082 1009 habebat
1103 945 1315 1024 carissimum,
1340 945 1397 1030 qui
1418 967 1488 1010 cam

382 1063 572 1129 industriam
602 1065 718 1129 eximia
746 1087 872 1150 quoque
897 1065 982 1130 vitae
1004 1066 1209 1150 integritate,
1234 1066 1382 1152 ingenie,
1405 1067 1488 1131 iudi-

382 1184 449 1262 cio,
474 1188 507 1250 et
527 1186 706 1251 incredibili
721 1187 890 1264 memoria,
911 1188 1002 1264 dote,
1023 1189 1060 1250 ut
1075 1187 1218 1265 videtur,
1239 1187 1487 1255 Arausiacorum

382 1305 607 1386 haereditaria,
639 1311 777 1372 ornaret.
824 1307 895 1372 Hoc
927 1311 960 1372 et
991 1330 1083 1392 saepe
1114 1309 1224 1374 amicis
1255 1310 1320 1374 suis
1343 1310 1486 1374 narravit

381 1430 414 1491 et
436 1427 489 1491 hic
512 1428 619 1512 palam
642 1431 778 1493 testatus
802 1432 866 1507 est,
890 1432 1057 1513 praesente
1081 1429 1152 1513 ipso
1177 1427 1349 1494 Guilielmo
1369 1429 1415 1507 V,
1437 1430 1487 1494 cui

381 1569 409 1611 a.
436 1549 523 1613 1766
548 1548 741 1633 explicabat,
762 1571 858 1634 quam
877 1551 1005 1634 gratum
1024 1550 1107 1613 essct
1126 1547 1258 1613 Senatui
1276 1548 1484 1628 Academico,

381 1668 467 1753 quod
489 1668 524 1733 in
548 1673 685 1734 aetatem
708 1672 861 1748 venisset,
887 1675 919 1735 et
941 1669 1077 1734 honores
1097 1668 1329 1735 Gubernatoris
1348 1670 1411 1754 ipsi
1429 1691 1485 1755 ge-

380 1812 449 1855 rere
477 1791 596 1855 liceret.
644 1792 832 1857 Guilielmus
864 1795 942 1856 tunc
972 1791 1092 1868 uerbis,
1125 1791 1240 1856 deinde
1267 1791 1361 1856 rebus
1393 1813 1483 1876 saepe

335 1925 338 1932 ⁴
380 1911 551 1991 indicavit,
584 1936 680 1998 quam
704 1936 776 1978 vere
800 1915 945 1998 optaret,
966 1904 1003 1976 ut
1025 1912 1190 1977 literarum
1214 1912 1393 1996 artiumque
1416 1918 1446 1978 st
1469 1951 1483 1962 -

380 2033 432 2097 dia
456 2037 488 2098 et
511 2033 685 2100 Academia
707 2034 870 2099 Leidensis
892 2032 1059 2098 florerent:
1085 2054 1234 2116 annoque
1255 2031 1341 2097 1775
1363 2034 1485 2098 audivit

379 2153 560 2234 Gaubium,
604 2179 703 2241 quum
743 2155 930 2220 admiranda
964 2152 1100 2218 Divinae
1134 2153 1353 2238 providentiae
1387 2157 1483 2220 docu-

381 2280 505 2354 menta,
535 2299 592 2360 per
622 2280 685 2341 duo
715 2277 838 2354 saecula
860 2296 936 2360 erga
959 2273 1166 2340 Academiam
1190 2276 1348 2358 spectata,
1373 2274 1483 2339 lauda-

380 2397 445 2461 bat.
493 2395 584 2471 Quod
614 2396 758 2462 (laubias
789 2401 867 2461 tunc
891 2397 1039 2459 ardenter
1062 2396 1095 2458 et
1116 2393 1297 2479 Principem
1320 2396 1482 2461 obtestans

380 2517 491 2601 petiit,
526 2521 564 2595 ut
592 2517 691 2597 filios,
723 2519 751 2582 si
780 2517 1008 2594 adolevissent,
1040 2516 1075 2580 in
1108 2515 1309 2600 disciplinam
1339 2520 1482 2582 nostram

380 2639 538 2718 mitteret,
562 2639 623 2704 hoc
646 2660 714 2704 non
736 2640 804 2704 sine
827 2639 918 2723 gravi
941 2659 1051 2716 causa,
1074 2636 1154 2702 mihi
1173 2641 1282 2702 tamen
1300 2638 1480 2722 incognita,

380 2757 490 2825 fecisse
512 2762 648 2828 videtur.

425 2882 526 2958 Quam
557 2884 685 2968 garisim
716 2883 827 2948 fuisset
854 2884 1051 2948 venerandus
1076 2904 1189 2960 senex,
1214 2881 1241 2946 si
1265 2882 1397 2948 vidisset
1420 2904 1481 2948 vm

381 3003 464 3068 diem
487 3002 650 3070 Februarii
669 3027 696 3068 a.
723 3004 828 3069 17901
875 3003 1056 3068 Tewaterus
1079 3002 1272 3086 Magistratu
1292 3001 1482 3069 Academico

380 3146 413 3189 se
433 3125 618 3206 abdicabat,
639 3130 672 3190 et
689 3125 725 3190 in
745 3124 942 3189 auditoribus
962 3123 1239 3207 conspiciebantur
1251 3123 1482 3190 GuilielmusV

378 3268 449 3311 cum
481 3249 616 3332 utroque
638 3246 722 3324 filie,
747 3268 883 3330 quorum
906 3247 986 3309 natu
1009 3244 1127 3321 maior,
1152 3242 1342 3309 (iuilielmus
1367 3243 1482 3309 Frede-

378 3366 482 3443 ricus‚
518 3367 670 3451 Princeps
705 3364 891 3430 Arausionis
924 3365 1173 3442 haereditarius,
1210 3387 1238 3429 a.
1277 3364 1364 3430 1789
1400 3365 1484 3450 apud

378 3483 546 3551 Rectorem
581 3485 807 3571 Magnificum,
841 3486 877 3548 in
910 3485 996 3549 illius
1030 3485 1141 3564 dom0,
1174 3507 1266 3550 suum
1297 3506 1417 3551 nomen
1446 3487 1480 3551 in

378 3604 464 3672 Albo
500 3607 692 3674 Academico
727 3610 795 3671 erat
827 3605 996 3690 professus.
1049 3605 1216 3671 Arausiaci
1249 3605 1285 3669 in
1319 3607 1483 3670 educanda

376 3733 528 3818 progenie
563 3754 671 3797 curam
704 3729 901 3815 posuerim,
935 3729 1057 3812 quanta
1091 3747 1158 3791 esse
1193 3727 1299 3811 potuit
1333 3728 1482 3790 maxima.

376 3853 489 3938 Neque
519 3853 707 3919 Guilielmus
737 3849 921 3916 Fredericus
952 3869 1011 3912 nec
1040 3847 1138 3912 frater
1161 3845 1319 3930 Georgius
1342 3867 1482 3911 amorem

376 3974 592 4059 pietatemque
613 3975 784 4056 parentum
807 3969 1030 4035 desideravere.
1065 3967 1134 4032 lam
1157 3989 1185 4030 a.
1213 3966 1298 4032 1785
1320 3965 1480 4032 Herman-

377 4117 438 4160 nus
468 4094 607 4173 Tollius,
639 4093 815 4157 literarum
839 4091 875 4154 in
896 4088 1065 4155 Athenaeo
1088 4085 1380 4152 Amstelodamensi
1403 4087 1481 4152 Pro·

376 4216 491 4296 sessor,
516 4238 535 4280 a
557 4215 777 4280 Gubernatore
799 4211 955 4277 invitatus
978 4207 1107 4294 Hagam
1126 4208 1233 4286 venit,
1255 4228 1405 4274 concessa
1426 4229 1481 4294 per

293 4409 295 4414 ,
375 4337 646 4422 Burgimagistros
672 4333 903 4399 honestissimis
926 4330 1164 4398 conditionibus
1187 4329 1333 4394 muneris
1351 4330 1480 4396 abdica·

376 4459 472 4522 tione.
519 4457 603 4523 Data
626 4459 674 4520 est
696 4455 725 4519 ei
748 4458 903 4538 quaedam
928 4475 1058 4532 norma,
1082 4473 1178 4536 quam
1202 4452 1403 4535 sequeretur,
1424 4451 1481 4518 ad·
