3362 5300
564 573 757 624 AUSPIGANDIS
777 573 977 619 moneamus
1287 555 1327 619 83

263 758 442 824 Lovanium
477 760 545 822 erat
580 759 734 824 terminus
769 758 983 824 victoriarum.
1030 758 1165 844 Belgae,
1205 760 1325 825 terrore

217 881 356 966 correpti
390 883 423 944 et
458 880 602 944 sensibus
634 879 843 964 perturbatis,
878 880 992 945 flentes
1026 881 1257 964 propemodum
1288 884 1324 944 ut

217 1002 309 1088 pueri
328 1001 443 1078 inulti,
465 1000 582 1065 auxilia
600 999 796 1066 Francorum
815 1001 986 1086 implorata
1006 987 1214 1087 acceperunt,
1227 1023 1325 1087 quum

218 1145 318 1208 prope
347 1121 513 1187 Bruxellas
544 1121 722 1198 stabamus,
754 1122 810 1187 ubi
842 1121 1030 1187 Guiliclmus
1053 1124 1194 1188 natalem
1219 1125 1268 1188 sui
1292 1127 1324 1189 et

220 1245 343 1331 patriae
374 1244 476 1327 patris
500 1243 674 1321 celebrare,
699 1245 732 1308 et
753 1243 862 1328 Belgis
885 1260 995 1328 pacem
1018 1244 1174 1328 imperare
1199 1247 1324 1330 potuis-

219 1369 276 1432 set.
324 1365 522 1430 Recessimus
552 1364 653 1449 igitur
685 1386 701 1428 e
725 1363 855 1449 Belgio,
881 1365 971 1448 quasi
994 1365 1246 1451 triumphantes,
1272 1369 1328 1432 de·

219 1488 354 1552 ducente
385 1508 444 1551 nos
475 1485 614 1550 exercitu
644 1485 728 1570 regis
757 1484 793 1549 in
819 1484 948 1570 Europa
971 1487 1200 1571 potentissimi,
1225 1487 1328 1553 Fran-

219 1630 340 1674 corum.

138 1719 141 1724 ’
265 1730 398 1814 Iamque
428 1729 543 1794 iterum
574 1729 610 1792 in
639 1728 758 1793 finibus
789 1729 907 1792 nostris
938 1730 1075 1806 stantes,
1109 1734 1327 1814 exspectamus

220 1852 299 1936 quid
329 1850 429 1935 legati
456 1849 608 1914 Londinii
639 1849 704 1913 sint
735 1849 844 1913 acturi.
892 1847 983 1924 Quod
1008 1849 1137 1914 interim
1166 1870 1221 1914 rex
1250 1853 1328 1916 ado-

223 1970 415 2036 lescentibus
448 1969 647 2035 Academicis
681 1969 818 2034 reditum
848 1970 888 2033 ad
918 1967 1024 2034 studia
1055 1972 1259 2049 concesserit,
1292 1995 1329 2038 ea

224 2098 332 2158 tamen
364 2092 452 2176 lege,
484 2094 521 2156 ut
551 2091 592 2154 ad
621 2091 758 2176 primum
782 2092 957 2156 tumultum
979 2094 1105 2175 praesto
1129 2092 1211 2170 sint,
1235 2093 1270 2157 in
1294 2116 1331 2159 eo

223 2235 349 2299 quoque
379 2236 487 2279 curam
510 2213 595 2278 illius
618 2234 694 2298 erga
717 2234 826 2277 omnes
850 2215 1017 2297 paternam
1040 2213 1247 2297 agnovimus,
1273 2236 1331 2279 neo

224 2334 340 2400 caeteri
371 2333 545 2398 voluntarii
574 2333 778 2418 ignorabant.
826 2333 911 2397 Nam
941 2333 1019 2398 alias
1050 2355 1099 2398 res
1129 2333 1195 2399 fere
1219 2356 1330 2400 omnes

224 2459 309 2522 recte
340 2455 521 2519 committas
554 2455 687 2533 vicario,
719 2455 889 2532 vicarium,
922 2455 978 2540 qui
1007 2477 1065 2539 pro
1099 2459 1131 2520 te
1155 2456 1275 2534 discat,
1299 2456 1334 2520 in

225 2577 431 2643 Academiam
464 2579 592 2642 mittere
624 2600 692 2641 non
723 2577 832 2662 possis.
880 2576 974 2642 Ferit
1005 2577 1091 2644 Deus
1120 2580 1158 2642 ut
1189 2579 1279 2642 ethi
1303 2580 1336 2644 et

224 2699 309 2766 eires
340 2701 454 2765 armati
486 2720 582 2785 quam
613 2699 791 2777 celerrime,
824 2699 1000 2763 honorifica
1032 2721 1109 2784 pace
1140 2700 1333 2778 constituta,

227 2824 443 2891 revertantur!
503 2821 580 2887 Non
621 2821 746 2886 minore
788 2843 841 2886 eos
882 2821 949 2885 veri
983 2822 1092 2906 gaudii
1127 2825 1160 2886 et
1194 2821 1334 2888 laetitiae

228 2944 462 3035 significatione
490 2942 701 3027 excipiemus,
729 2963 825 3026 quarn
856 2963 959 3026 nuper
984 2942 1101 3007 milites
1129 2940 1336 3008 Academicos

228 3066 417 3151 excepimus.

273 3187 381 3272 Atque
412 3188 463 3266 hi,
495 3187 562 3252 otio
594 3207 767 3272 paucorum
792 3185 913 3249 dierum
936 3184 1085 3261 recreati,
1109 3185 1173 3249 iam
1197 3187 1335 3250 veterem

226 3309 312 3373 vitae
343 3307 604 3373 consuetudinem
636 3308 797 3392 repetunt.
844 3304 978 3370 Annum
1011 3306 1228 3392 perdiderunt.
1275 3307 1337 3374 Sed

228 3450 287 3515 ego
312 3452 434 3495 annum
457 3429 503 3493 ita
527 3428 718 3513 perdidisse,
742 3447 862 3513 magno
886 3427 1024 3492 emerim.
1071 3427 1157 3493 Nam
1180 3428 1242 3494 hoc
1264 3452 1337 3514 pcr-

231 3553 321 3628 dere,
347 3550 470 3615 luorum
494 3553 542 3615 est
565 3549 662 3634 longe
685 3549 1050 3615 honorificentissimum.
1102 3549 1150 3614 De
1173 3551 1337 3614 literarum

229 3670 362 3748 studiis,
388 3672 444 3755 qui
467 3671 610 3735 animum
633 3674 675 3736 ad
698 3693 734 3736 ea
756 3671 923 3736 recolenda
946 3670 1028 3735 serio
1051 3670 1206 3747 referent,
1230 3671 1264 3734 hi
1284 3693 1338 3735 ex·

232 3794 383 3878 periendo
416 3793 501 3856 idern
528 3794 740 3877 cognoscent,
764 3794 850 3875 quod
873 3790 1031 3876 agricolae
1053 3791 1088 3854 in
1112 3791 1197 3855 bona
1221 3792 1337 3857 novali.

233 3914 309 3979 Non
344 3913 464 3978 frustra
499 3917 624 3978 cessant
658 3912 745 3998 agri,
781 3913 836 3976 sed
871 3911 990 3976 maiore
1022 3934 1119 3997 quam
1150 3912 1244 3977 solito
1272 3913 1339 3980 foe·

232 4058 328 4114 nore,
353 4035 475 4100 semina
497 4036 648 4099 mandata
671 4035 819 4098 reddunt.
868 4031 988 4098 Crescit
1011 4033 1196 4118 plerumque
1216 4037 1342 4100 retenta

236 4157 409 4241 cupiditas,
442 4159 475 4220 et
502 4177 593 4220 arcus
617 4155 739 4220 remissi
763 4153 877 4219 fortius
899 4154 1124 4220 intenduntur.
1171 4155 1240 4220 Iam
1260 4158 1341 4221 tem-

235 4299 295 4361 pus
326 4277 515 4372 hibernum,
547 4276 644 4341 horae
674 4277 714 4341 ad
746 4275 851 4340 focum
881 4276 1097 4361 vespertinae,
1122 4279 1155 4340 et
1177 4279 1270 4360 grata
1292 4298 1342 4341 re-

237 4397 397 4475 cordatio,
430 4397 545 4482 quibus
576 4397 641 4462 iam
672 4396 834 4461 laboribus
857 4399 891 4460 et
912 4395 1060 4480 periculis
1084 4417 1208 4473 careas,
1233 4398 1273 4461 ed
1296 4397 1343 4462 le-

242 4524 380 4606 gendum
422 4521 456 4585 et
497 4517 715 4584 meditandum
749 4517 902 4582 invitant.
949 4516 1011 4583 Sed
1046 4521 1123 4582 ante
1156 4519 1265 4584 omnia
1298 4520 1344 4586 rei
