3362 5296
518 529 661 576 causalo
680 528 746 576 SPEI
765 529 920 577 mmm.

241 711 357 780 Ferrea
379 710 580 780 Ohattarniae
603 715 651 781 nil
673 717 808 800 possunt
830 714 938 782 vinela
961 716 1109 780 ostenaet

321 831 503 901 Hollandae
527 835 603 900 nari
626 837 676 900 est
697 835 786 902 invia
809 836 901 902 nulla
923 835 985 901 via.

241 954 324 1033 Quid
347 956 505 1040 trepidas,
530 955 689 1040 fugitive?
712 956 790 1041 quid
812 957 847 1024 in
871 960 928 1024 tua
951 956 1085 1024 flumina
1110 957 1194 1020 retro

324 1075 490 1142 Verteris?
515 1098 555 1141 en
579 1076 679 1143 hostis
701 1081 735 1144 te
757 1077 895 1161 reperire
918 1077 1018 1145 venit.

244 1171 335 1284 Ignis
359 1197 439 1261 edax
460 1196 632 1264 Britonum
655 1197 819 1266 fluitantes
842 1198 975 1283 corripit
998 1217 1102 1266 arouse

324 1318 366 1382 In
389 1318 501 1384 mediis
525 1316 657 1384 Carolus
679 1320 769 1404 regia
791 1319 909 1404 flagrat
931 1319 1032 1403 aquis.

244 1438 313 1514 Quo
336 1439 451 1505 ooeidit
472 1438 574 1505 fastus
597 1461 685 1505 nuno
708 1439 838 1524 spiritus
861 1439 915 1508 isso
938 1438 1112 1506 Britanni?

328 1560 515 1627 Ludibrium
538 1558 686 1644 Europae
709 1560 804 1645 quid,
829 1560 1008 1637 malesane,
1031 1558 1135 1626 faris?

244 1681 314 1747 Iam
337 1681 415 1746 satis
438 1683 587 1765 expertae
611 1684 724 1746 oo'e'ant
747 1681 782 1747 in
805 1680 933 1748 foedera
956 1682 1095 1748 dextrae.

247 1799 250 1806 ’
327 1801 451 1868 Livoris
474 1802 605 1868 tandem
628 1802 672 1868 sit
694 1803 807 1868 modus
830 1803 892 1868 iste
914 1822 1017 1869 oruor.

246 1923 307 1992 sed
331 1923 456 2008 generis
478 1922 573 1990 debes
596 1924 777 2009 exemplum
800 1925 891 1989 triste
914 1922 1053 2000 Stuarti,

330 2046 453 2130 Aspera
475 2047 694 2110 transvorsum
717 2048 749 2112 te
772 2068 899 2130 quoquo
925 2045 994 2114 fata
1016 2043 1161 2112 trahunt.

175 2242 177 2246 ¹
250 2165 412 2233 Mendaois
434 2164 539 2232 Breda
561 2166 684 2230 audivit
707 2166 845 2251 periuria
869 2167 998 2252 linguae
1022 2145 1025 2151 ¹
1194 2243 1195 2248 γ

332 2288 461 2373 dtu-pia.
508 2285 576 2352 Pax
598 2287 707 2351 odium
731 2286 959 2353 dissimulantis
984 2289 1061 2353 erat

251 2409 292 2475 In
311 2430 371 2473 nos
395 2409 543 2494 oonspira
565 2431 639 2474 oum
660 2408 800 2487 Franco,
824 2410 961 2495 perfide,
986 2408 1108 2476 Xerxe:

333 2530 465 2614 Iamque
489 2531 596 2594 animo
619 2529 798 2595 Hellandas
822 2530 927 2595 divide
950 2553 1063 2596 avarus
1086 2551 1172 2615 opes.

255 2651 441 2736 Regnorum
464 2651 619 2736 adspiciet
641 2652 772 2716 classem
796 2651 935 2717 Ruterus
957 2655 1142 2736 utrmque:

273 2821 278 2834 .
336 2770 418 2850 Hie,
443 2795 500 2838 sua
523 2794 610 2857 spes,
634 2772 741 2837 hostes
768 2794 833 2838 non
856 2794 1023 2837 numerare
1045 2772 1135 2838 solet.

256 2890 361 2958 Stabit
382 2896 415 2959 et
436 2893 565 2959 inviotis
588 2893 728 2978 prudens
752 2891 929 2960 Cunctator
952 2895 987 2958 in
1010 2894 1122 2973 armis,

338 3013 519 3079 Hollandas
542 3014 667 3100 gladius
690 3018 839 3100 sertaque
863 3037 975 3100 parma
997 3016 1053 3080 roi.

142 3159 144 3166 ⁴
257 3133 358 3210 Quem
382 3135 500 3219 triplici
522 3138 685 3219 quondam
709 3136 843 3221 ringens
864 3136 1060 3215 diademate,
1083 3136 1189 3222 longis

338 3255 462 3341 Anglia
486 3256 622 3322 dissidiis
646 3256 749 3320 frasta
773 3256 903 3341 rogabit
926 3277 1029 3341 opem.

260 3375 421 3442 Deficiant
443 3399 560 3462 parvae
583 3376 670 3441 haud
698 3397 798 3461 aequo
823 3377 998 3456 certamine
1020 3377 1118 3455 vires,

342 3498 424 3564 Cum
445 3498 548 3563 ventis
571 3497 694 3583 patriae
717 3497 836 3561 militat
858 3497 946 3562 unda
968 3519 1066 3562 meae.

260 3619 312 3686 En
335 3622 435 3697 vada,
458 3619 581 3704 piratae
603 3617 739 3683 infames
763 3619 836 3682 dato
858 3618 960 3682 lintea
982 3620 1085 3697 retro,

344 3739 490 3804 Texeliae
512 3739 619 3804 refluis
642 3738 859 3804 destituuntur
882 3737 982 3822 aquis.

263 3859 427 3928 Gonoessit
447 3861 530 3926 nudi
553 3861 641 3925 Deus
663 3860 746 3925 hane
771 3859 951 3925 exscindere
974 3862 1120 3945 gentem:

347 3977 513 4047 Oonoessit
535 3980 622 4044 duris
647 3980 817 4045 sollicitare
839 3981 941 4047 malis.

266 4103 394 4170 Soilioet
415 4106 454 4169 ut
476 4101 602 4166 vultum
626 4103 768 4186 spectata
790 4101 932 4181 efferret,
956 4106 994 4167 ut
1016 4104 1136 4167 almrun

349 4224 513 4308 Purpureo
537 4221 685 4287 Phoebus
708 4244 807 4307 quum
826 4222 915 4286 vehit
936 4244 995 4288 axe
1017 4223 1113 4290 diemo

268 4343 339 4411 Ah!
363 4343 487 4421 meriti,
510 4347 543 4408 et
566 4345 678 4407 nostra
692 4344 733 4406 et
755 4341 872 4407 luimus
895 4342 1011 4408 delicta
1032 4345 1217 4428 parentum:

352 4465 463 4548 Poena
484 4467 593 4529 tamen
617 4463 711 4529 nobis
735 4463 822 4528 utilis
845 4464 903 4529 ilia
924 4463 996 4529 fuit
1118 4483 1145 4506 -·

1142 4587 1173 4636 18
