3362 5300
387 561 426 624 74
888 574 997 620 oaarro

386 762 422 825 in
456 759 617 824 celeritate
650 761 684 822 et
717 757 823 822 subito
858 759 980 842 impetu
1015 761 1194 842 reponeret
1241 759 1368 824 Ruebat
1400 781 1494 845 saepe

387 879 468 945 illud
499 878 575 943 belli
604 878 742 955 fulmen,
772 881 900 963 quando
933 878 1063 942 minime
1094 880 1307 962 exspectares,
1336 883 1368 949 et
1392 880 1494 944 milite

388 998 511 1064 Franco
535 997 617 1062 nihil
640 1001 688 1062 est
711 998 827 1082 agilius
852 1020 909 1063 nco
933 998 1089 1075 velocius,
1115 999 1210 1063 etiam
1232 1000 1267 1063 iu
1289 998 1384 1084 fuga,
1409 1001 1494 1084 quod

388 1120 424 1183 in
446 1120 509 1184 istc
531 1120 619 1184 clade
643 1119 802 1204 apparuit.
849 1117 910 1184 Sed
934 1119 1077 1184 nondum
1101 1122 1188 1184 certa
1210 1141 1280 1204 spes
1302 1119 1385 1184 fidae
1408 1121 1494 1205 pacis

388 1240 622 1306 ostendebatur.
669 1239 802 1316 Franci,
831 1239 887 1322 qui
913 1261 933 1304 a
959 1238 1160 1323 Napoleonte
1186 1240 1333 1317 stabant,
1365 1241 1495 1306 stabant

387 1364 495 1426 autem
519 1361 635 1426 militas
658 1360 783 1438 cuncti,
807 1361 962 1425 tenebant
985 1361 1103 1444 oppida
1126 1363 1158 1426 et
1180 1361 1319 1426 castella.
1360 1361 1494 1428 Validus

388 1482 543 1548 exercitus
575 1485 644 1546 erat
674 1484 765 1546 trans
794 1481 952 1566 Ligerim,
977 1484 1149 1567 eodemque
1173 1481 1267 1546 multi
1289 1483 1433 1566 quotidie
1455 1507 1493 1548 ex

388 1605 458 1666 tota
487 1601 622 1667 Francia
653 1600 836 1668 affluebant.
884 1600 987 1676 Quare
1017 1601 1095 1666 socii
1125 1621 1215 1685 reges
1238 1624 1306 1667 non
1329 1603 1494 1687 quiescen-

388 1726 465 1788 dum
495 1721 575 1799 rati,
600 1724 771 1806 antequam
794 1721 945 1806 reliquiae
967 1721 1043 1786 belli
1067 1724 1173 1786 esseut
1195 1722 1335 1799 deletae,
1360 1724 1438 1788 totis
1459 1725 1495 1788 in

388 1844 422 1908 id
445 1842 566 1908 viribus
589 1842 816 1907 incubuerunt.
850 1842 962 1907 Nostri
985 1864 1112 1927 quoque
1135 1843 1350 1908 adolescentes
1372 1846 1496 1910 evocati

392 1964 537 2030 Mentem
559 1962 752 2028 Hannoniae
775 1962 910 2047 profecti
933 1966 1026 2041 sunt,
1051 1964 1126 2028 inde
1149 1964 1188 2027 ad
1212 1984 1350 2049 pagum,
1375 1966 1411 2029 in
1431 1987 1495 2049 quo

390 2084 592 2161 Fredcricus,
617 2082 779 2149 Guilielmi
802 2084 887 2168 regis
909 2084 1012 2162 filius,
1036 2083 1176 2150 habebat
1198 2085 1401 2169 praetorium.
1433 2086 1496 2150 Hic

387 2209 533 2290 praeerat
560 2206 712 2272 exercitui
734 2207 775 2270 ad
797 2206 996 2272 observanda
1019 2205 1215 2272 Francorum
1240 2206 1414 2290 praesidia,
1438 2229 1495 2270 va-

389 2326 445 2389 riis
477 2325 604 2409 oppidis
629 2325 788 2409 imposita.
836 2327 888 2391 Ita
911 2327 1088 2412 principem
1111 2327 1252 2411 regium,
1275 2349 1370 2411 quem
1393 2350 1496 2412 nuper

389 2447 424 2510 in
448 2445 612 2510 literarum
637 2446 750 2512 studiis
769 2446 949 2511 habuerant
968 2448 1235 2525 commilitonem,
1253 2449 1389 2512 eundern
1409 2470 1496 2512 nunc

389 2566 465 2632 belli
501 2568 614 2630 ducem
647 2567 923 2632 nanciscebantur.
972 2568 1146 2652 Postquam
1178 2569 1365 2652 aliquandiu
1396 2590 1497 2653 prope

389 2688 606 2764 Valencenas,
633 2684 818 2752 Condacum
842 2687 930 2752 etin
953 2688 1023 2752 aliis
1046 2688 1124 2752 locis
1149 2691 1240 2752 erant
1260 2688 1392 2766 morati,
1414 2689 1495 2754 iam·

390 2830 451 2893 que
474 2808 582 2873 omnia
604 2811 644 2871 ad
663 2829 774 2892 pacem
794 2809 871 2873 satis
890 2809 1066 2893 composita
1085 2831 1152 2874 esse
1171 2809 1380 2887 videbantur,
1400 2811 1496 2875 tertio

390 2949 515 3006 mense,
540 2931 710 3013 postquam
733 2929 959 3008 discesserant,
980 2929 1110 2994 Leidam
1127 2933 1336 2996 reverterunt.
1369 2929 1498 3006 Quanta

391 3050 488 3115 fuerit
509 3050 652 3115 omnium
677 3050 868 3136 gratulatio,
893 3050 982 3116 dictu
1005 3054 1140 3116 arduum
1163 3054 1220 3115 cst.
1256 3049 1326 3116 Nec
1349 3050 1443 3118 facile
1462 3053 1497 3116 in

391 3174 498 3259 aliquo
521 3194 559 3237 ea
583 3171 741 3256 reperitur
764 3171 931 3248 facundia,
956 3193 1036 3256 quae
1060 3171 1134 3236 talis
1161 3171 1223 3236 diei
1246 3171 1401 3236 laetitiam
1425 3195 1496 3238 ver-

391 3295 441 3357 bis
464 3294 586 3377 aequet.
634 3292 811 3358 Redicrunt
834 3313 910 3377 ergo
933 3292 1125 3369 incolumes,
1150 3292 1355 3360 corroborata
1377 3293 1496 3359 labori·

392 3414 452 3478 bus
481 3412 680 3489 valetudine,
717 3412 858 3476 moribus
888 3413 1092 3496 incorruptis.
1138 3413 1312 3497 Pugnandi
1342 3413 1496 3489 facultas,

392 3534 602 3619 plurimorum
633 3533 733 3610 votis,
768 3536 804 3596 ut
833 3536 909 3597 sunt
932 3533 1031 3597 animi
1054 3534 1223 3611 iuveniles,
1248 3535 1406 3619 expetita,
1431 3555 1498 3598 non

391 3655 478 3722 facta
508 3658 564 3721 cst.
611 3654 673 3721 Sed
705 3654 836 3719 stabant
861 3653 983 3738 parati,
1008 3675 1124 3737 eosque
1146 3653 1357 3739 Napoleontis
1380 3653 1498 3719 milites

392 3767 551 3860 adspicere
584 3778 751 3858 poterant,
786 3774 852 3850 illi,
888 3774 961 3858 qui,
997 3773 1230 3838 Borboniorum
1266 3775 1497 3849 contemtores,

392 3896 473 3958 iram
496 3898 529 3958 et
551 3895 728 3960 vindictam
752 3895 933 3978 spirabant,
959 3888 1053 3978 seque
1076 3915 1133 3978 pro
1158 3894 1249 3959 victis
1273 3894 1384 3960 haberi
1403 3892 1499 3957 veha-

394 4017 516 4078 mentcr
546 4015 809 4098 indignabantur.
856 4015 937 4080 Eam
966 4013 1116 4080 ferociam
1140 4014 1299 4080 continuit
1321 4012 1501 4098 praesentia

395 4134 497 4201 nostri
520 4135 693 4212 exercitus,
717 4135 752 4198 in
775 4158 838 4220 quo
858 4137 988 4200 iuvenes
1007 4135 1176 4198 Leidenses
1195 4157 1228 4199 sc
1247 4135 1408 4219 praeclare
1428 4153 1500 4217 ges-

395 4257 488 4333 sisse,
513 4254 732 4331 centuriones,
758 4255 869 4333 duces,
903 4258 935 4321 ct
957 4255 1024 4340 ipse
1048 4276 1103 4320 rcx
1127 4255 1234 4339 palam
1256 4253 1391 4339 professi
1413 4256 1500 4318 sunt.

440 4375 526 4440 Illud
548 4373 667 4438 bellum
691 4374 813 4458 patriae
838 4377 966 4440 nostrae
989 4375 1099 4439 multis
1122 4375 1306 4441 nominibus
1330 4375 1408 4439 utile
1428 4373 1500 4438 fuit.

396 4496 446 4564 Ne
476 4516 647 4562 memorem
678 4495 765 4579 pacis
793 4495 878 4580 leges
909 4496 1090 4562 contumaci
1121 4496 1239 4584 populo
1263 4496 1427 4581 aliquanto
1450 4495 1501 4558 iu·
