3338 5302
392 549 432 622 12
864 616 866 620 .
889 563 997 611 canno

393 749 588 832 omninoque
616 748 748 832 cognitu
773 747 872 832 digna
895 748 976 824 illis,
1000 747 1056 832 qui
1081 745 1208 811 Graecis
1231 746 1332 810 literis
1356 747 1495 811 student.

439 868 483 932 Iis
509 888 602 947 vcro,
626 869 682 952 qui
706 867 858 932 honestae
881 867 1074 932 remissionis
1098 867 1169 932 loco
1193 865 1313 932 Graece
1335 866 1496 931 interdum

394 989 522 1074 legunt,
555 987 647 1052 facile
677 987 803 1053 dicendi
835 1007 937 1072 genus
968 1009 1035 1052 non
1063 988 1169 1052 minus
1194 987 1389 1071 placiturum
1410 985 1496 1052 arbi-

394 1111 471 1174 tror.
508 1147 549 1158 -
585 1108 646 1175 Sed
682 1109 724 1174 sit
758 1131 834 1175 sane
868 1108 1051 1194 Xenophon
1086 1109 1146 1173 iste
1177 1108 1282 1173 suavis
1313 1109 1346 1172 et
1369 1106 1497 1192 elegans

394 1230 547 1317 scriptor,
578 1232 803 1316 argumentum
837 1233 939 1308 certe,
972 1234 1009 1296 ut
1032 1231 1164 1295 omnino
1187 1230 1313 1308 fictum,
1339 1230 1384 1295 sic
1406 1227 1496 1294 tenui

393 1353 427 1416 et
447 1351 527 1416 exile
550 1351 601 1416 his
623 1352 809 1439 praesertim
824 1351 1022 1439 temporibus
1040 1352 1183 1430 videtur,
1198 1372 1257 1416 nec
1271 1351 1350 1416 adeo
1362 1350 1496 1435 dignum

394 1473 429 1538 in
459 1494 523 1557 quo
547 1472 682 1558 legendo
706 1472 840 1537 alicuius
864 1472 1023 1538 industria
1045 1476 1197 1538 versetur.
1223 1509 1265 1522 —
1289 1469 1344 1536 An
1367 1493 1442 1537 vero
1465 1475 1497 1535 et

394 1593 443 1657 illi
465 1593 535 1660 laus
556 1593 656 1658 tribui
679 1597 786 1679 potest
809 1597 951 1659 servatae
974 1593 1199 1671 verecundiae,
1224 1615 1284 1658 nec
1307 1615 1343 1658 ca
1363 1615 1438 1658 usus
1449 1594 1497 1657 cst

394 1713 556 1778 interdum
590 1714 737 1794 licentia,
774 1737 794 1778 a
827 1736 892 1799 qua
925 1714 1005 1780 recti
1034 1714 1158 1799 ingenii
1189 1714 1290 1791 viros,
1322 1735 1365 1778 ne
1394 1712 1497 1778 dicam

393 1834 539 1914 iuvenes,
576 1834 697 1900 alienos
732 1856 799 1900 esse
834 1837 985 1920 oportet?
1023 1873 1061 1884 -
1100 1831 1276 1919 Equidem,
1307 1831 1495 1911 Auditorcs,

393 1955 479 2040 quod
511 1956 552 2021 ad
583 1958 810 2041 argumentum
843 1955 977 2033 attinet,
1005 1955 1091 2020 hanc
1114 1953 1256 2020 fabulam
1279 1955 1381 2040 magis
1404 1975 1442 2020 ex
1466 1975 1498 2018 sc

393 2077 480 2161 ipsa,
516 2079 612 2161 atque
647 2077 725 2142 adeo
756 2097 795 2141 ex
825 2076 895 2141 istis
926 2076 1140 2160 temporibus,
1165 2097 1261 2160 quam
1284 2098 1323 2140 ex
1345 2075 1496 2152 aliarum,

395 2219 565 2280 earumque
600 2197 813 2262 recentiorum
848 2196 1054 2262 contentione
1089 2197 1341 2282 cognoscendam
1376 2196 1497 2261 intelli·

394 2317 594 2403 gendumque
628 2317 775 2383 arbitror.
821 2315 913 2392 Quod
949 2317 976 2382 si
1004 2317 1091 2382 enirn
1123 2339 1196 2382 cum
1218 2317 1498 2403 praestantissimis

394 2438 488 2504 huius
510 2437 626 2503 aetatis
647 2437 865 2503 monumentis
888 2441 1143 2523 compararetur,
1166 2438 1277 2502 multis
1300 2460 1373 2502 cum
1394 2439 1497 2503 nomi-

395 2559 490 2626 nibus
513 2557 695 2624 infcricrem
720 2577 934 2643 agnoscerem.
958 2556 1082 2622 Iniuste
1102 2560 1210 2622 temen
1229 2557 1274 2623 sic
1294 2579 1365 2622 cunr
1379 2557 1497 2624 Graeco

394 2681 465 2765 agi,
489 2681 561 2765 quis
584 2681 701 2764 neget?

438 2800 487 2866 De
521 2802 654 2868 veritate
689 2801 792 2866 dicere
811 2822 883 2882 nec
913 2820 1060 2885 possum,
1095 2821 1153 2866 nec
1184 2802 1359 2886 quidquam
1389 2801 1497 2866 refert.

393 2921 470 2998 ouis
499 2923 583 2987 hanc
610 2924 646 2987 in
676 2923 795 2987 nostris
818 2922 972 2987 eiusmodi
998 2922 1115 2988 libellis
1138 2923 1318 3007 quaesivit?
1363 2923 1500 2988 Planum

393 3046 479 3110 enim
509 3045 609 3112 cnivis
640 3048 688 3110 est
720 3048 753 3110 ct
783 3046 947 3129 apertum,
982 3043 1232 3128 ascriptoribus
1256 3043 1431 3110 utilitatem
1454 3046 1499 3110 le-

393 3168 538 3252 gentium
566 3170 599 3231 et
629 3166 828 3250 voluptatem
851 3164 990 3243 censeri,
1020 3165 1164 3230 veritatis
1187 3168 1347 3230 caeterum
1373 3167 1498 3231 securis.

392 3285 591 3371 Quemquam
621 3306 702 3370 quae
731 3284 842 3349 fabula
873 3289 940 3349 tarn
972 3285 1168 3351 incredibilis
1191 3285 1299 3370 (modo
1322 3308 1363 3350 ne
1387 3286 1430 3351 sit
1449 3308 1499 3351 rc·

392 3405 475 3470 ferta
504 3379 685 3483 miraculis,
709 3427 790 3490 quae
813 3427 920 3470 rerum
943 3408 1076 3471 naturae
1099 3409 1296 3494 repugnant)
1320 3409 1500 3494 excogitate

393 3531 456 3603 cst,
480 3547 561 3610 quae
583 3526 619 3591 in
640 3526 808 3592 hominum
831 3526 917 3606 vita,
941 3527 1037 3612 plena
1060 3527 1117 3593 illc
1140 3528 1301 3593 variorum
1318 3550 1448 3595 casuum
1468 3532 1499 3594 et

392 3647 664 3727 vicissitudinum,
701 3651 772 3714 acta
807 3669 873 3712 non
907 3647 967 3727 sit,
1004 3651 1061 3713 ant
1084 3649 1138 3733 agi
1171 3669 1238 3714 non
1261 3648 1383 3734 possiti
1429 3648 1500 3715 Hoc

391 3771 500 3854 itaque
531 3767 741 3855 Xenophonti
770 3768 896 3833 detrahi
926 3769 1036 3854 inique
1067 3789 1133 3833 non
1164 3767 1249 3845 lero3
1281 3769 1366 3834 adsit
1396 3770 1498 3847 enim,

391 3911 450 3954 nec
474 3911 532 3967 ne,
556 3910 670 3973 parum
693 3888 783 3953 addit
802 3888 1096 3954 commendationis.
1129 3887 1235 3972 Igitur
1252 3910 1293 3954 ne
1311 3889 1393 3954 illud
1411 3892 1498 3974 quod

391 4032 457 4077 non
480 4010 616 4088 habeat,
640 4032 848 4096 quaeramus,
872 4011 1073 4094 quaeantcm
1083 4008 1214 4087 habeat,
1227 4011 1438 4096 negligemus.
1454 4047 1495 4060 -·

339 4179 341 4184 -
390 4132 450 4200 nst
472 4153 547 4198 vcro
569 4131 648 4197 haec
669 4133 824 4216 quaedam
847 4129 951 4208 illius,
976 4129 1100 4194 utiam
1123 4129 1275 4208 diximus,
1300 4132 1441 4199 suavitas
1464 4137 1496 4196 et

389 4253 594 4338 simplicitas,
617 4274 681 4337 quc
703 4251 775 4336 quis
794 4271 861 4315 non
881 4249 986 4334 magis
1004 4249 1155 4315 delectari
1174 4251 1272 4332 solet,
1293 4274 1390 4337 quarn
1406 4254 1495 4319 inani

390 4375 558 4441 verborum
581 4374 734 4457 strepitu,
758 4394 854 4456 quem
874 4368 1104 4436 sublimitatem
1123 4373 1273 4438 nonnulli
1294 4377 1435 4440 vocant?
1452 4411 1493 4424 -

390 4493 507 4571 Quodsi
531 4493 627 4558 etiam
651 4493 780 4576 gratnm
804 4494 854 4556 cst
876 4495 908 4556 et
929 4491 1121 4569 iucundum,
1146 4493 1223 4558 artis
1236 4491 1369 4560 alicuius
1382 4495 1494 4573 initia,
