3362 5296
506 549 650 596 comaclo
670 546 735 597 seni
755 543 911 598 NAU'I'IOOE.

225 732 270 797 Et
292 754 358 800 sese
380 735 512 800 irritans
535 738 626 800 vasto
648 735 715 801 ruit
738 734 846 800 omnia
869 756 981 812 cursu,

315 854 442 921 Diluvie
465 858 498 920 et
521 856 603 922 vires
627 859 724 940 auget
747 857 844 920 eunte
869 875 959 920 suas:

162 987 168 1002 “
225 974 322 1040 Haud
346 977 440 1041 aliter
461 980 636 1060 properant
659 976 799 1040 urbanae
823 975 939 1040 robora
961 973 1071 1059 pubis,

316 1094 414 1162 Haud
437 1097 529 1161 aliter
551 1119 585 1162 se
609 1117 687 1181 gens
711 1096 851 1161 mascula
873 1095 956 1160 ruris
982 1095 1061 1179 agit.

228 1215 280 1282 Sic
301 1216 431 1299 iuvenes
455 1216 547 1295 lacti,
572 1217 685 1282 doctae
708 1220 831 1283 sacrata
854 1217 1018 1282 Minervae

318 1336 469 1416 Pectora,
494 1359 557 1422 quo
581 1338 669 1403 tollit
691 1360 781 1402 mens
804 1359 975 1424 generosa,
999 1336 1121 1401 volant.

229 1457 390 1522 Mirantur
411 1459 499 1524 duris
521 1459 578 1543 qui
599 1480 792 1524 consenuere
816 1459 875 1524 sub
899 1445 1005 1523 armis.

319 1578 393 1644 >En
415 1579 548 1644 ducibus
571 1580 717 1644 stimulus
740 1579 959 1664 militibusque
982 1578 1133 1663 duplex.”

230 1699 314 1776 Quid
336 1701 426 1765 vobis
450 1701 565 1779 animi,
591 1699 727 1785 Belgae,
751 1703 822 1765 est‘?
848 1722 867 1764 a
888 1699 1007 1764 finibus
1031 1699 1138 1764 hostes

320 1821 451 1899 Pellite,
474 1843 553 1906 quos
577 1822 698 1906 sprevit
720 1820 838 1885 Martia
858 1821 971 1906 lingua
994 1821 1092 1905 prius.

230 1942 368 2026 Tempus
390 1944 497 2018 adest,
522 1942 617 2006 toties
640 1942 723 2008 votis
746 1943 954 2027 precibusque
977 1943 1131 2027 petitum,

320 2062 458 2148 Mergite
479 2064 513 2127 in
537 2062 710 2128 obscoenos
733 2083 867 2147 corpora
889 2064 982 2128 mula
1004 2061 1102 2127 lacus.

231 2183 353 2249 Ridete.
399 2182 557 2248 Hollandi
579 2187 672 2262 sunt,
697 2204 777 2268 quos
800 2185 966 2268 spectatis,
995 2185 1131 2262 inertes,

320 2302 403 2367 Auri
426 2303 535 2382 avida,
561 2304 696 2389 agrestis
718 2305 832 2383 turba,
855 2305 977 2389 virique
1000 2325 1124 2390 parum.

234 2423 306 2489 Ah!
328 2427 455 2489 tantum
478 2424 564 2489 haud
586 2425 680 2490 duras
703 2426 797 2490 victis
818 2427 977 2512 imponite
998 2427 1101 2513 leges:

325 2544 402 2610 Non
425 2566 570 2609 vosesse
592 2545 676 2610 feros
699 2547 804 2631 gratia
827 2546 951 2612 Franca
977 2549 1064 2613 sinit.

233 2665 385 2730 Flandria
407 2665 447 2729 ab
472 2665 612 2751 antiquis
636 2669 791 2752 purgetur
813 2670 883 2733 tota
905 2668 1042 2747 colonis,

322 2785 478 2851 Hollandi
502 2788 641 2853 excutiat
665 2789 793 2854 vincula
815 2788 907 2854 Mosa
929 2789 1006 2873 iugi.

230 2906 365 2992 Integra
386 2906 560 2991 Belgarum
584 2911 717 2973 exornet
739 2909 916 2973 Brabantia
939 2929 1092 2993 regnum,

207 3078 210 3082 .
323 3026 456 3092 Ferreus
477 3027 606 3093 Albana
629 3029 720 3094 cedat
743 3029 783 3094 ab
808 3051 878 3094 aroc
901 3051 1007 3094 senex.

233 3147 317 3215 Nam
341 3170 397 3212 cur
421 3148 617 3235 Antwcrpae
639 3154 707 3214 tam
730 3150 884 3215 barbarus
907 3151 1055 3215 imminet
1078 3151 1168 3231 urbi,

321 3265 485 3352 Accipiter
507 3270 647 3353 trepidas
669 3292 728 3336 ceu
750 3271 836 3336 ferus
859 3275 977 3357 urguet
1000 3275 1098 3338 aves?

235 3388 348 3453 Mittat
369 3389 405 3454 in
428 3388 529 3468 ans,
554 3391 678 3456 abiecto
702 3393 871 3477 compede,
895 3392 1034 3472 Scaldis,

326 3510 439 3575 Mittat
460 3512 495 3575 in
518 3510 690 3597 Hesperias
717 3513 849 3599 Belgica
872 3515 943 3581 vela
965 3515 1089 3599 plagas.

237 3631 358 3710 Scaldi,
372 3635 459 3698 decus
474 3635 647 3721 fluuiorum
666 3637 770 3720 inpone
781 3682 788 3712 ‚
801 3636 896 3699 canet
906 3632 1060 3698 Amstela.
1104 3633 1218 3700 Frater

327 3751 491 3818 Submisso
520 3754 677 3820 Tlamesie
699 3755 817 3820 vertice
839 3754 939 3820 Rotta
961 3756 1065 3819 canet.

237 3871 414 3956 Pluraque,
439 3873 537 3939 sifus
560 3877 626 3953 est,
650 3875 813 3941 constanti
836 3879 944 3940 mente
967 3874 1114 3940 feremus.

329 3995 381 4060 Sic
402 4017 463 4061 uos
486 4019 559 4062 cum
580 3996 704 4062 Franco
729 3997 883 4062 candidus
906 3997 1034 4082 Anglus
1058 3998 1152 4061 amet.

239 4112 349 4180 Unum
372 4137 446 4194 oro,
470 4138 577 4203 regem
601 4118 759 4183 nobisne
783 4118 909 4184 avellite
932 4120 1096 4184 nostrum:

330 4236 482 4322 Linquite
505 4242 538 4303 et
561 4240 686 4324 antiqui
707 4240 818 4325 iugera
840 4260 943 4324 pauca
967 4240 1036 4305 soli.

242 4357 291 4425 Sit
311 4363 425 4426 modus
448 4362 594 4446 egregiae
616 4361 703 4427 laudi
725 4361 918 4427 Mareoticus
940 4380 1057 4446 agger,

328 4482 492 4550 Victorem
514 4484 568 4549 hic
589 4485 705 4550 sistant
728 4484 857 4570 agmina
879 4486 985 4550 vestra
1008 4481 1165 4568 gradum..
