3362 5300
351 492 391 558 70
851 511 959 556 canuc

353 696 558 780 cogitationis
589 696 654 773 vis,
687 715 880 780 quamquam
910 695 1071 780 pertineat
1101 695 1141 760 ad
1171 695 1334 760 universos
1363 694 1460 764 huius

353 816 464 901 oppidi
500 817 601 893 cives,
633 837 700 880 uon
730 815 835 880 minus
867 837 991 900 semper
1021 816 1132 900 tetigit
1160 837 1330 900 generosos
1360 815 1459 900 ipsius

352 936 543 1004 Academiae
567 936 722 1000 alumnos.
757 935 910 1002 Amorem
934 936 1057 1020 patriae
1080 936 1205 1001 Natura
1228 937 1378 1002 omnibus
1400 935 1459 998 ho.-

355 1057 494 1120 miuibus
524 1056 742 1141 ingeneravit,
776 1055 946 1120 Hollaudis
976 1056 1162 1140 praecipue,
1187 1055 1302 1140 quibus
1325 1055 1386 1120 hoa
1408 1077 1460 1120 sc·

356 1177 423 1245 lum
445 1177 570 1254 natale,
596 1176 752 1260 sauguine
776 1179 808 1240 et
830 1179 945 1242 sudore
967 1175 1113 1240 hostibus
1138 1179 1171 1240 et
1194 1175 1275 1240 mari
1299 1179 1461 1260 ereptum,

356 1297 491 1364 maiores
513 1295 710 1380 reliquerint.
758 1295 820 1362 Sed
842 1297 926 1362 idem
948 1296 1003 1361 ille
1025 1297 1148 1380 patriae
1173 1318 1279 1373 amor,
1300 1317 1394 1379 quem
1412 1317 1461 1360 se-

357 1440 429 1482 cum
451 1417 585 1502 quisquc
607 1416 738 1481 Leidam
760 1417 889 1495 attulit,
912 1417 1029 1482 Leidae
1048 1417 1162 1492 alitur,
1185 1416 1316 1492 crescit,
1334 1415 1461 1480 inflam-

357 1540 482 1615 matur,
513 1539 592 1602 adeo
626 1539 663 1600 ut
693 1537 753 1601 iste
784 1540 878 1602 ardor
907 1537 1048 1622 hospites
1074 1559 1201 1622 quoque
1225 1540 1257 1602 et
1279 1537 1463 1622 peregrinos

358 1657 518 1742 corripiat.
568 1656 685 1722 'Huius
719 1656 765 1720 rei
798 1657 936 1722 illustria
970 1661 1047 1721 sunt
1081 1657 1235 1742 exempla.
1293 1657 1380 1732 Quae
1414 1679 1464 1720 me

359 1781 676 1855 commemorantem,
712 1778 837 1842 etiamsi
870 1800 937 1843 non
971 1779 1154 1864 incognita,
1189 1783 1299 1844 tamen
1335 1779 1466 1861 propter

358 1920 465 1966 rerum
488 1899 739 1964 recordationem
762 1899 880 1963 attenti
904 1899 1056 1964 auditote.

404 2019 579 2104 Nunquam
609 2018 783 2084 Hellandia
813 2019 945 2103 propius
973 2019 1014 2083 ab
1033 2019 1166 2084 interitu
1189 2017 1294 2083 abfuit
1316 2041 1413 2103 quam
1436 2041 1464 2084 a.

361 2159 533 2206 mucuxxu.
564 2162 628 2226 quo
657 2139 839 2204 Ludovious
870 2139 1009 2204 decimus
1039 2141 1172 2224 quartus
1204 2142 1237 2202 et
1261 2137 1394 2204 Carolus
1416 2161 1465 2204 sa-

362 2263 503 2337 cundus,
535 2261 603 2326 sinc
634 2283 745 2339 causa,
777 2264 810 2324 et
840 2260 901 2326 hoc
922 2261 995 2325 odio
1016 2259 1197 2336 infestiore,
1223 2261 1265 2322 ad
1288 2281 1358 2324 eam
1379 2260 1465 2324 subi·

361 2383 498 2467 gandam
529 2381 762 2464 conspirarunt.
808 2381 891 2446 Mari
924 2381 1037 2446 classes
1067 2379 1206 2446 Francos
1229 2383 1262 2444 et
1284 2379 1409 2464 Anglas
1431 2381 1466 2444 in

361 2503 428 2568 acie
458 2501 636 2586 adspicere,
671 2501 844 2578 sustinere,
876 2503 908 2564 et
937 2500 1110 2585 profligare
1131 2505 1324 2584 poteramus.
1371 2501 1468 2564 Terra

361 2645 428 2688 non
457 2645 548 2709 pares
579 2625 673 2688 erant
704 2622 805 2688 nostri
836 2622 1009 2699 exercitus,
1041 2644 1060 2685 a
1090 2621 1188 2705 longo
1219 2621 1296 2686 inde
1326 2623 1467 2705 tempore

363 2744 519 2830 neglecti,
550 2744 621 2808 aliis
647 2766 699 2808 cos
723 2743 851 2827 augeri,
874 2742 944 2806 aliis
967 2742 1086 2820 minui,
1110 2741 1312 2826 erepublica
1336 2763 1466 2806 censen-

362 2864 459 2928 tibus.
513 2865 628 2950 Itaque
661 2863 840 2942 Ludovico,
875 2863 932 2948 qui
966 2863 1081 2948 opibus
1116 2861 1269 2928 Franciae
1303 2865 1467 2946 tamquam

361 2986 426 3052 suis
450 2987 616 3064 utebatur,
648 2989 680 3050 et
706 2985 877 3070 aliquando
901 2984 1026 3048 dixerat
1046 3006 1076 3048 se
1099 3005 1159 3048 eoae
1177 2983 1352 3070 populum,
1376 2981 1468 3048 facile

361 3105 426 3170 fuit
454 3128 527 3171 cum
558 3107 721 3172 immensis
751 3105 871 3170 viribus
902 3127 1022 3190 pancos
1046 3106 1078 3168 et
1102 3104 1277 3188 imparatos
1300 3104 1468 3188 repellero,

363 3230 395 3291 et
425 3227 461 3292 in
487 3247 602 3312 agrum
625 3231 770 3292 nostrum
794 3230 977 3310 penetrare,
1002 3228 1081 3289 adeo
1105 3225 1229 3289 utiam
1252 3223 1368 3290 Leidae
1390 3225 1468 3292 vici-

362 3369 424 3412 nus
450 3347 641 3412 immineret.
689 3347 730 3411 In
752 3347 813 3411 hoc
837 3346 979 3410 tumultu
1003 3347 1035 3409 et
1057 3344 1270 3428 trepidatione
1293 3345 1377 3410 cives
1400 3345 1469 3410 ani·

363 3489 451 3536 mum
475 3489 541 3532 non
565 3468 732 3546 demisere,
757 3469 812 3532 sed
835 3466 943 3532 omnia
966 3469 1008 3530 ad
1030 3465 1228 3532 obsidionem
1252 3465 1469 3542 tolerandam,

363 3589 390 3655 si
421 3587 563 3654 Francus
592 3588 732 3664 veniret,
763 3590 928 3672 pararunt.
976 3586 1054 3650 Pars
1085 3585 1182 3650 etiam
1210 3586 1281 3651 loca
1304 3589 1393 3652 extra
1416 3608 1469 3650 ur-

361 3709 434 3776 bem
466 3712 647 3794 opportuna
677 3707 842 3792 praesidiis
864 3706 1046 3772 firmabant.
1093 3705 1220 3770 Interea
1246 3727 1365 3791 magna
1387 3707 1470 3771 mul·

362 3829 468 3892 titudo
500 3829 749 3893 adolescentium
781 3826 1043 3892 Academicorum
1067 3826 1209 3910 quotidie
1233 3849 1322 3894 arma
1347 3849 1470 3892 exerce·

363 3949 436 4026 bat,
468 3948 550 4012 duce
578 3947 648 4014 viro
681 3947 873 4022 clarissimo,
906 3944 1090 4012 Christiano
1118 3945 1268 4024 Melloro,
1293 3947 1472 4014 Professore

363 4067 608 4144 Mathematico,
642 4088 740 4152 eaque
771 4066 860 4132 brevi
882 4068 971 4130 tanta
996 4087 1068 4130 cum
1092 4065 1265 4144 facilitate,
1290 4067 1471 4152 elegantia,

364 4167 396 4254 et
426 4188 584 4276 gravitate
614 4187 738 4272 (nostra
768 4186 911 4252 celeritas
935 4189 1079 4250 nondum
1102 4188 1138 4252 in
1162 4210 1222 4252 usn
1246 4190 1327 4274 erat)
1353 4191 1471 4254 tracta

363 4311 460 4388 bant,
492 4309 626 4390 ordines,
648 4306 885 4392 componebant
916 4309 948 4370 et
977 4305 1166 4386 mutabant,
1191 4309 1246 4386 ut,
1269 4308 1325 4392 qui
1348 4311 1472 4393 specta·

355 4433 432 4504 ,tum
466 4429 647 4506 venissent,
682 4427 759 4494 satis
795 4427 944 4493 admirari
979 4447 1044 4492 non
1082 4429 1228 4512 possent.
1275 4427 1335 4494 His
1358 4429 1474 4499 Portae
