3338 5302
561 568 600 613 aa
621 567 766 614 ursromcr
783 567 906 614 orr1c10.
1249 540 1288 611 53

179 753 219 818 ad
253 743 311 817 s'ua
344 741 478 818 consilia¹
511 741 729 818 converterint
762 790 803 799 -
839 751 926 816 unde
957 751 1133 815 communis
1162 751 1223 816 iste
1252 751 1288 816 in

177 896 245 939 rem
289 894 411 938 sacram
452 894 642 952 consensus,
679 872 742 936 nisi
776 872 930 955 impressa
973 870 1129 956 quaedam
1172 871 1287 936 animis

178 992 332 1078 cogitatio
367 992 590 1077 persuasisset,
625 1013 753 1057 omnem
787 994 979 1076 potestatem
1015 1014 1034 1055 a
1070 992 1179 1057 divino
1214 990 1285 1057 Nu-

177 1109 264 1179 mine
298 1113 459 1198 pendere?
504 1105 719 1198 Agnoverunt
751 1112 937 1178 nationibus
979 1113 1153 1198 praepositi
1196 1133 1286 1198 reges

176 1239 209 1301 et
252 1236 481 1319 magistratus,
531 1238 564 1299 et
613 1233 710 1299 semel
759 1232 877 1311 mode,
926 1237 1084 1318 quantum
1141 1235 1287 1318 equidem

179 1357 295 1433 sciam,
327 1355 453 1442 publice
487 1355 611 1420 factum
644 1358 693 1420 est
725 1355 761 1418 in
784 1354 868 1418 hane
891 1354 1084 1420 sententiam
1107 1355 1286 1421 decretum:

178 1475 265 1543 Deus
289 1480 346 1542 est.

224 1597 496 1673 Quemadmodum
528 1619 603 1663 uero
627 1597 712 1686 leges
735 1601 804 1666 sine
828 1599 970 1664 moribus
993 1597 1076 1664 nihil
1098 1597 1287 1684 proficiunt,

178 1719 226 1783 ita
257 1717 425 1807 disciplina
456 1718 561 1784 omnis
591 1721 743 1806 temporis
770 1721 905 1800 clamat,
931 1743 1047 1788 vanam
1071 1743 1137 1786 esse
1160 1741 1288 1785 omnem

179 1838 271 1904 illam
295 1836 543 1918 confessionem,
570 1841 597 1905 si
619 1842 803 1908 nominibus
825 1843 964 1922 luditur,
987 1865 1037 1908 res
1059 1843 1129 1928 ipsa
1148 1841 1288 1927 negligi-

181 1964 253 2039 tur,
278 1959 305 2024 si
330 1959 439 2025 divina
462 1960 668 2026 Providentia
691 1963 856 2042 laudatur,
881 1962 988 2028 callidi
1011 1962 1157 2027 homines
1179 1962 1288 2046 provi-

182 2081 325 2146 dentiam
348 2081 383 2145 in
407 2081 551 2146 ordinem
574 2104 648 2149 snae
671 2083 846 2168 sapientiae
865 2086 1002 2168 cogunt,
1024 2083 1051 2147 si
1067 2082 1170 2148 Deum
1186 2081 1224 2147 0.
1243 2081 1288 2146 Μ.

182 2205 348 2287 tumeam
383 2223 584 2268 communem
619 2203 762 2268 omnium
795 2207 962 2289 parentem
997 2204 1150 2280 adorant,
1182 2202 1290 2267 omnia

182 2323 223 2387 ad
245 2345 352 2401 suam,
375 2326 416 2389 ad
439 2345 582 2402 suorum,
607 2327 647 2388 ad
669 2346 744 2389 suae
765 2325 906 2410 regionis
922 2327 955 2390 et
973 2325 1095 2410 patriae
1115 2323 1289 2389 utilitatem

181 2445 375 2525 instituunt,
408 2446 435 2510 si
466 2446 602 2531 denique
632 2466 721 2532 reges
752 2445 900 2511 dividunt
929 2448 967 2510 ut
996 2447 1174 2531 imperent,
1203 2444 1289 2510 Deus

183 2565 322 2650 imperat
342 2569 381 2631 ut
401 2566 586 2651 coniungat.

228 2685 323 2751 moia
346 2689 415 2751 erat
438 2687 590 2765 delenda,
616 2685 729 2751 datura
753 2689 871 2772 quippe
894 2687 1052 2771 originem
1069 2687 1203 2772 imperio
1222 2686 1288 2751 Ro-

182 2828 289 2871 mano.
335 2805 421 2882 Quae
448 2803 517 2872 ¹uno
545 2829 653 2873 mense
675 2809 746 2893 capi
769 2809 891 2893 potuit,
917 2809 1017 2873 dilata
1040 2809 1144 2873 estin
1168 2831 1290 2873 annum

183 2930 357 3005 decimum3
386 2930 481 3013 idque
505 2929 660 2994 discordia
683 2930 838 3008 Deorum,
864 2923 1000 3014 quorum
1024 2929 1079 2994 alii
1101 2952 1121 2993 a
1144 2927 1288 3006 Graecis,

183 3071 202 3113 a
225 3050 371 3119 troianis
394 3051 526 3116 stabant
548 3051 611 3115 alii.
648 3050 813 3136 Sanguine
829 3051 961 3115 interim
979 3051 1121 3115 humano
1140 3051 1201 3116 rivi
1221 3073 1290 3114 ma-

183 3170 324 3251 nabant,
348 3175 381 3236 et
403 3173 464 3237 iter
487 3171 673 3238 Scamandri
696 3172 794 3236 caesis
815 3191 983 3255 corporum
1006 3171 1125 3236 acervis
1145 3170 1289 3235 obstrue-

183 3291 287 3356 batur.
336 3291 480 3357 Tandem
503 3292 674 3378 aliquando
697 3292 821 3378 Iupiter
844 3292 970 3377 sapiens
991 3292 1135 3357 lancibus
1153 3293 1292 3376 imponit

183 3411 251 3478 fata
281 3413 430 3479 Hectoris
461 3417 495 3478 et
524 3411 669 3480 Achillis.
716 3412 864 3480 Hectoris
890 3412 992 3479 letum
1017 3414 1138 3499 vergit,
1161 3412 1291 3478 finitum

183 3537 232 3599 est
253 3537 424 3600 certamen.

228 3654 305 3721 Non
328 3678 455 3721 necesse
477 3659 526 3722 est
548 3657 607 3722 has
630 3657 737 3722 lances
759 3678 778 3720 a
801 3657 878 3722 Iove
900 3661 1091 3722 mutuemur.
1127 3658 1211 3724 Deus
1230 3659 1291 3723 im-

175 3770 328 3842 mortalis
359 3777 418 3841 has
450 3777 538 3843 dedit
567 3778 603 3842 in
633 3778 773 3843 uniuersi
795 3765 952 3842 terrarum
975 3778 1061 3842 orbis
1084 3777 1234 3858 historia,
1259 3783 1293 3843 et

185 3869 333 3981 frequens
361 3901 410 3962 est
439 3898 610 3962 earundem
641 3920 733 3976 usus,
766 3899 852 3982 quod
883 3900 934 3963 vel
966 3919 1005 3962 ex
1036 3899 1162 3964 usitatis
1193 3900 1291 3984 vulgo

186 4018 386 4098 nominibus,
417 4020 544 4104 aequati
567 4020 740 4099 examinis,
765 4019 1010 4105 aequilibritate
1033 4021 1184 4107 aliisque,
1208 4023 1292 4087 idem

187 4137 293 4202 tamen
316 4138 592 4224 significantibus,
618 4143 759 4226 apparet.

228 4255 394 4344 Adspicite
421 4263 527 4325 autem
548 4282 710 4345 perversas
733 4259 901 4326 hominum
923 4265 1064 4328 mentes!

229 4377 353 4464 Iniquis
379 4379 573 4466 ponderibus
596 4383 751 4460 utuntur,
776 4384 809 4446 et
830 4403 894 4466 quo
916 4405 967 4448 res
989 4383 1073 4448 ferat
1096 4381 1129 4448 et
1152 4383 1293 4450 studium

188 4494 311 4580 iubeat,
356 4501 492 4565 alterum
526 4501 635 4566 orbem
670 4501 865 4586 gramssimis
901 4503 1071 4586 momentis
1104 4503 1293 4590 impellunt,
