3338 5302
546 585 584 632 ns
603 576 800 633 suscendum
818 579 952 633 senasio.
1281 554 1302 624 b

200 767 268 834 Nec
297 767 440 853 profecto
472 767 585 834 melius
617 791 759 855 unquam
791 770 873 833 libro
905 790 962 833 suo
990 768 1217 844 consuluisset,
1241 767 1303 829 nisi

201 891 341 953 assumto
371 887 457 952 illius
479 889 626 967 nomine,
651 891 706 974 qui
730 889 884 955 sermonis
909 889 1070 974 elegantia
1092 891 1125 952 et
1148 887 1305 952 suavitate

200 1031 283 1074 unus
317 1009 462 1075 omnium
496 1010 633 1074 maxime
664 1011 776 1076 elucet.
811 1049 852 1058 -
885 1009 1041 1095 Pleraque
1070 1029 1145 1074 vero
1169 1029 1188 1072 a
1211 1006 1306 1071 rebus

201 1128 343 1195 derivata
363 1132 571 1214 argumenta,
596 1151 695 1216 acque
719 1131 798 1195 mihi
820 1131 971 1196 videntur
994 1151 1061 1195 esse
1083 1129 1175 1194 levia.
1222 1125 1306 1202 Quid

202 1250 311 1314 enim?
354 1249 547 1336 scriptorem
589 1250 755 1317 Eroticum
793 1252 855 1317 ista
889 1252 952 1316 fide
987 1251 1105 1337 egisse,
1141 1271 1237 1334 quam
1270 1248 1305 1311 in

201 1371 352 1450 historia,
388 1371 459 1436 luce
493 1374 692 1457 temporum,
726 1372 939 1459 requirimus?
970 1372 1040 1437 Imo
1070 1371 1123 1436 hic
1153 1369 1202 1434 illi
1224 1369 1306 1433 bene

203 1512 275 1556 cum
305 1494 399 1576 poeta
429 1493 597 1572 convenit,
629 1495 684 1580 qui
716 1495 779 1560 alia
805 1495 968 1580 fingendi,
994 1493 1057 1559 alia
1080 1491 1233 1569 ornandi,
1257 1490 1307 1555 ius

203 1611 263 1677 sibi
298 1615 331 1678 et
364 1612 533 1678 arbitrium
565 1614 689 1680 sumsit.
749 1614 907 1700 Equidem
944 1616 998 1680 diu
1020 1599 1232 1698 'multumque
1267 1612 1306 1675 de

203 1735 307 1798 aetate
337 1732 424 1798 illius
445 1756 570 1801 mecum
597 1737 753 1821 cogitavi,
777 1739 832 1802 sed
855 1736 990 1801 aliorum
1015 1734 1181 1819 opiniones
1204 1731 1309 1796 adhuc

204 1852 318 1918 melius
352 1855 445 1938 potui
480 1847 679 1935 convellere,
704 1879 800 1943 quam
827 1856 908 1921 tales
929 1856 997 1941 ipse
1020 1855 1203 1939 concipere,
1229 1873 1310 1936 quae

204 1995 238 2038 se
273 1973 380 2058 aliqua
414 1975 482 2041 veri
515 1977 619 2060 specie
652 1981 921 2043 commendarent.
968 1977 1055 2042 Illud
1089 1979 1197 2042 antem
1230 1971 1310 2038 mihi

205 2095 363 2178 persuasi,
396 2096 544 2161 omnibus
569 2118 658 2176 eum,
683 2099 739 2182 qui
763 2101 951 2183 supersunt,
975 2096 1112 2163 Eroticis
1135 2117 1201 2160 esse
1223 2093 1310 2158 anti·

207 2217 362 2302 quiorem.
409 2216 511 2302 quue
542 2222 580 2283 ut
609 2217 745 2284 facerem
775 2219 837 2304 ipsi
863 2219 913 2283 illi
935 2217 1057 2284 Erotici
1080 2228 1131 2282 rne
1154 2218 1310 2301 perduxe-

207 2341 303 2416 runt,
338 2358 418 2422 quos
449 2360 517 2403 non
545 2337 678 2403 obscure
708 2339 942 2424 deprehendere
964 2337 1045 2402 mihi
1066 2336 1214 2414 videbar,
1237 2335 1310 2419 plu-

208 2457 295 2524 ribus
331 2458 409 2524 locis
441 2457 688 2543 Xenophontem
723 2463 798 2524 ante
830 2460 937 2525 oculos
967 2458 1130 2535 habuisse,
1162 2455 1311 2540 illiusque

208 2578 290 2642 bene
324 2599 361 2644 ac
396 2579 560 2664 eleganter
593 2579 688 2644 dictis
722 2581 870 2645 certatim
905 2601 1000 2664 opera
1034 2601 1091 2644 sua
1126 2597 1310 2651 exornasse,

210 2720 317 2763 rerum
346 2719 472 2785 quoque
503 2690 645 2784 ipsarum
668 2701 885 2766 narrationem
907 2701 954 2764 ita
976 2721 1069 2784 saepe
1090 2699 1249 2775 imitatos,
1274 2698 1312 2760 ut

207 2818 287 2883 alias
316 2820 490 2904 integras,
509 2820 587 2886 alias
615 2821 746 2905 paulum
770 2823 957 2887 immutatas
979 2821 1024 2885 in‘
1038 2841 1113 2884 usus
1135 2840 1209 2884 suos
1233 2837 1311 2882 con-

208 2940 373 3004 verterint.
420 2938 512 3016 Quod
542 2942 658 3021 cuivis,
689 2942 838 3027 diligenti
867 2941 982 3008 horum
1009 2941 1159 3006 instituta
1182 2960 1310 3022 compa-

208 3061 346 3139 ratione,
371 3062 504 3145 planum
527 3062 590 3127 erit
612 3067 645 3128 et
668 3067 824 3148 apertum.

252 3183 388 3267 Aliquot
410 3183 535 3248 saecula
558 3183 741 3269 Xenophon
761 3184 860 3249 iacuit
881 3183 918 3248 in
940 3182 1096 3262 tenebris,
1122 3185 1218 3268 atque
1239 3203 1311 3246 ern-

208 3305 284 3370 ditis
307 3305 436 3371 nornine
458 3307 603 3384 tantum,
630 3326 668 3370 ex
691 3304 805 3382 Suida,
830 3307 864 3370 et
885 3305 1001 3370 deinde
1023 3326 1062 3370 ex
1077 3303 1205 3390 Angelo
1224 3302 1311 3368 Poli-

208 3427 315 3505 tiano,
351 3427 406 3511 qui
434 3427 573 3512 legerat,
606 3427 702 3512 atque
732 3427 807 3491 inde
837 3428 961 3511 partem
992 3426 1133 3512 aliquam
1163 3424 1313 3490 Latinam

208 3547 345 3626 fecerat,
370 3545 614 3632 eguissent.

253 3666 390 3733 Latebat
406 3667 519 3732 unicus
532 3665 639 3732 Oodex
656 3667 723 3734 MS.
742 3669 778 3732 in
789 3668 983 3735 bibliotheca
994 3667 1223 3734 monachorum
1235 3663 1312 3730 Cas·

209 3788 401 3864 sinensium,
423 3785 613 3852 Florentiae.
640 3827 681 3835 —
705 3787 856 3854 Precibus
879 3791 912 3853 et
935 3787 1019 3854 votis
1041 3787 1233 3864 multorum,
1257 3785 1313 3871 qui

209 3909 345 3976 Graecas
374 3908 483 3973 literas
513 3909 682 3987 amabant,
715 3908 817 3995 iisque
848 3910 939 3975 bene·
959 3910 1148 3996 cupiebant,
1173 3909 1229 3975 diu
1250 3907 1314 3973 fuit

208 4033 386 4117 expetitus;
414 4032 546 4095 tandem
577 4029 740 4097 Antonius
767 4029 903 4098 Oochius
927 4053 998 4097 eum
1023 4032 1059 4096 in
1081 4032 1186 4097 lucem
1208 4030 1313 4096 homi·

243 4303 355 4353 Omnibus
380 4320 482 4355 σπῆι.
507 4303 655 4353 Ενῆῆίσσνπῆι
681 4302 859 4368 antiquiorem.)
894 4304 1012 4352 Revocata
1037 4303 1080 4353 hac
1106 4305 1134 4352 dc
1152 4302 1315 4368 Xenophontis

208 4383 306 4449 Ephesii
331 4387 408 4434 aetate
430 4384 560 4443 sententia,
585 4399 640 4434 eum
657 4384 727 4448 longa
744 4387 799 4450 post
817 4384 945 4434 Heliodori
961 4387 1082 4451 tempora,
1100 4384 1218 4434 incertum
1235 4387 1315 4434 tamen

208 4482 254 4531 quo
281 4467 373 4527 seculo,
401 4467 483 4516 reiecit
508 4469 590 4532 postea
615 4465 798 4530 Peerlkampius
820 4466 846 4514 in
867 4466 971 4516 Praefat.
994 4467 1024 4515 ad
1040 4466 1114 4530 ipsius
1131 4463 1316 4531 Ephesiaeorum

208 4547 295 4608 libros,
314 4565 366 4614 pag.
385 4547 456 4598 LXII
473 4563 523 4611 sqq.
