3362 5296
516 567 661 612 0011Εο10
682 567 747 612 SPE!
768 567 927 612 mauricen.

238 751 284 816 Et
299 748 430 835 >placida
445 748 623 833 ‘imponens
645 749 764 834 rapidis
787 753 879 834 pater
902 748 969 814 otia
992 748 1114 828 ventis,

275 881 276 891 ’
331 871 418 938 Dum
440 869 599 936 tumidum
621 868 752 936 Scaldin
774 871 904 955 cuspide
927 870 1062 949 mulcet,
1086 870 1150 934 ait:

244 991 317 1058 >En
339 993 456 1058 iterum
478 990 558 1056 mihi
581 1013 655 1056 cara
677 985 787 1056 meum'
805 1012 884 1076 gens
908 991 1043 1076 navigat
1065 1012 1193 1075 aequor.

332 1112 483 1198 Agnosco
508 1113 633 1197 antiqui
657 1113 823 1197 sanguinis
846 1133 917 1177 acre
940 1132 1052 1197 genus.

243 1233 444 1319 Magnanimi
466 1233 594 1311 heroes,
619 1255 700 1318 quac
722 1255 779 1299 ros
802 1237 871 1299 tem
893 1233 1028 1317 pulchra
1049 1234 1195 1298 tulerunt

334 1356 515 1439 Tempora?
561 1353 647 1432 Quos
670 1375 780 1420 croceo
803 1356 852 1420 sol
875 1355 964 1420 vehit
985 1377 1044 1420 axe
1067 1355 1157 1420 dies?

243 1478 361 1543 Felices
385 1497 583 1561 magnosque
606 1477 686 1556 dies,
711 1479 783 1561 quis
806 1477 876 1542 iura
900 1477 1049 1542 tridentis

334 1597 505 1663 Hollandis
527 1597 619 1682 potui
642 1597 768 1662 credere
791 1600 864 1662 tuta
889 1598 991 1662 meis?

247 1719 358 1805 Tuque
380 1719 459 1784 adeo
481 1718 546 1784 iam
565 1740 652 1784 nunc
673 1719 789 1803 ingens
812 1718 1000 1784 florentibus
1023 1718 1136 1795 annis,

335 1839 472 1908 Decreta
493 1840 616 1905 invenis
640 1841 743 1904 morte
765 1840 870 1924 perire
893 1838 1000 1904 ferox!

246 1961 350 2025 Macte
375 1961 475 2025 animi
498 1961 588 2038 talis,
613 1961 710 2045 prisci
733 1961 887 2026 miracula
910 1961 1006 2026 saecli

337 2080 397 2157 Qui
420 2081 532 2146 Decios
557 2081 650 2146 nobis
673 2080 965 2166 Thermopylasque
987 2081 1094 2146 refert.

247 2201 346 2267 Irruit
364 2201 550 2267 Austriacas
574 2203 618 2267 sic
638 2202 876 2268 Winkelriedus
899 2204 935 2267 in
953 2203 1079 2267 hastas:
1216 2285 1218 2294 ‚

339 2321 534 2408 Olaudiaque
556 2323 719 2409 Hispanas
741 2324 886 2389 uindicat
906 2325 955 2388 ira
977 2325 1093 2389 minas.

248 2444 383 2529 Respice
407 2444 447 2508 ab
470 2442 606 2529 Elysiis,
630 2445 783 2510 iuvenum
806 2444 998 2524 fortissime,
1024 2444 1164 2530 campis,

339 2564 487 2651 Namque
506 2566 552 2630 ibi
571 2568 604 2629 te
624 2566 747 2651 patriae
765 2589 853 2632 nunc
873 2587 998 2652 quoque
1018 2565 1126 2650 tangit
1144 2585 1242 2628 amor.

249 2686 381 2754 Civibus
404 2688 483 2754 haec
506 2689 609 2754 virtus
632 2691 719 2754 totos
740 2689 849 2755 infusa
871 2712 930 2775 per
952 2692 1041 2754 artus

340 2809 417 2876 Non
442 2810 691 2895 exstinguendas
714 2812 825 2876 condit
847 2811 882 2875 in
906 2831 978 2875 ossa
1000 2809 1095 2874 faces.

250 2929 367 2996 Vivere
390 2953 448 3015 pro
471 2932 594 3016 patria,
617 2933 803 3017 patriaeque
824 2931 1009 3017 impendere
1031 2931 1131 2996 vitam

343 3052 505 3118 Iurarunt.
552 3052 669 3118 Factus
692 3076 763 3138 spes
788 3054 849 3119 sibi
871 3053 1005 3138 quisque
1029 3073 1086 3116 sua
1109 3053 1167 3114 est.

252 3165 279 3238 O
302 3173 380 3238 felix
403 3174 461 3238 leti
483 3177 517 3237 et
538 3176 649 3238 tantae
670 3175 840 3240 mercedis!
887 3172 1057 3238 Honorum

345 3295 441 3362 Dona
462 3295 524 3359 tibi
546 3300 683 3381 possunt
706 3317 774 3362 non
798 3296 929 3362 meliora
952 3295 1032 3360 dari.

251 3416 378 3481 Interea
401 3419 459 3481 tua
482 3416 568 3483 facta
591 3420 730 3497 canunt,
754 3439 818 3503 qua
841 3416 989 3482 Phoebus
1012 3417 1090 3482 Eois

342 3537 470 3622 Surgit,
495 3541 528 3602 et
550 3538 721 3624 Hesperias
744 3560 873 3625 vespere
901 3540 976 3605 risit
1001 3562 1109 3625 aquas.

253 3657 321 3722 Iam
344 3659 435 3722 video
459 3658 591 3724 Pharias
614 3658 803 3745 Egmundae
826 3662 862 3725 in
885 3661 978 3726 litore
1001 3661 1147 3727 flammae

344 3776 474 3843 Clarum
505 3802 523 3844 e
550 3801 727 3846 marmorea
750 3800 898 3866 spargere
920 3784 1008 3845 turre
1031 3781 1134 3846 iubar.

254 3898 349 3964 Hanc
372 3903 483 3984 gratus
508 3921 580 3965 cum
603 3922 678 3986 rege
700 3901 754 3986 pio
779 3902 838 3966 tibi
862 3902 988 3967 dedicat
1013 3923 1102 3967 aram

345 4018 448 4100 Civis,
473 4022 509 4085 in
531 4021 582 4086 his
605 4022 741 4087 flammis
765 4023 914 4108 publicus
937 4027 1029 4089 ardet
1051 4045 1152 4090 amor.

256 4139 431 4208 Nocturnis
454 4143 578 4227 quoties
600 4143 753 4209 transibit
775 4147 876 4208 nauta
899 4146 1060 4224 tenebris,

345 4262 493 4328 Placebit
516 4285 626 4328 manes
650 4264 744 4328 thure
767 4285 917 4350 meroque
941 4268 1024 4331 tuos.

259 4382 350 4449 Salve
373 4384 485 4464 heros,
509 4386 598 4450 cuius
621 4389 784 4470 quondam
807 4389 941 4451 docuere
964 4387 1131 4472 parentes,

348 4505 524 4595 Imperium
547 4507 659 4591 populi
682 4508 803 4573 nullius
827 4529 894 4574 esse
918 4530 1014 4574 mare.
