3362 5296
406 553 467 616 178
823 569 944 614 clasma
964 568 1097 614 morum

475 753 567 820 Flere
598 754 706 831 lubet,
735 753 762 818 si
784 753 859 819 flere
882 753 987 818 virum
1010 753 1232 838 lacrymaeque
1255 753 1422 830 decerent,

566 874 635 939 Aut
656 875 813 959 lacrymas
837 877 947 939 tantus
971 876 1080 958 posset
1101 872 1218 937 habere
1242 872 1343 936 dolor.

477 995 604 1061 Scilicet
626 995 687 1059 hoo
711 996 807 1060 etiam
832 997 923 1061 vobis
947 995 1150 1072 debebimus,
1180 1015 1288 1058 amens

566 1116 691 1195 Turba,
716 1114 931 1202 Cethegorum
954 1117 1147 1201 propudiosa
1171 1115 1302 1179 cohors!

476 1235 564 1313 Hoc,
589 1235 746 1314 Catilina,
770 1237 848 1301 tibi!
894 1236 1025 1302 Patiens
1049 1237 1087 1300 ut
1110 1236 1245 1300 crimina
1268 1237 1378 1313 tanta,

567 1357 708 1441 Diraque
731 1357 914 1441 tranquilla¹
929 1357 1034 1421 taedia
1058 1358 1165 1421 mente
1187 1353 1304 1419 feram!

478 1476 554 1543 Non
579 1497 638 1561 ego
662 1477 767 1542 lentus
790 1477 826 1541 in
848 1477 919 1542 hoo.
965 1475 1092 1561 Agitati
1115 1476 1253 1560 pectoris
1274 1475 1362 1560 ignis

569 1596 681 1661 Exeat.
727 1597 771 1661 Et
793 1597 874 1662 mihi
895 1598 944 1662 fas
967 1597 1068 1661 libera
1091 1597 1189 1662 verba
1211 1595 1310 1679 loqui.

479 1719 580 1795 Quam
603 1718 718 1783 clausit
739 1739 849 1784 vocem
872 1718 980 1796 dolor,
1003 1717 1186 1801 indignatio
1209 1719 1349 1801 rumpat.

569 1837 689 1903 Audiet
712 1839 770 1902 hos
795 1839 902 1923 aliquo
926 1841 1069 1923 tempore
1091 1837 1193 1922 Belga
1216 1858 1320 1901 sonos.

408 2017 410 2020 .
479 1960 575 2028 Nunc
600 1960 727 2038 Musas,
753 1962 787 2024 et
809 1959 964 2044 quidquid
987 1962 1056 2024 erat
1077 1958 1265 2044 pulchrique
1288 1959 1441 2044 boamue,

571 2080 696 2145 Eiectos
720 2079 807 2164 turpi
829 2081 921 2145 iussit
945 2081 1032 2145 abire
1055 2079 1142 2164 iuga.

482 2200 658 2266 Consilium
681 2222 774 2266 coeco
798 2222 885 2265 nuno
906 2222 997 2265 mens
1020 2199 1187 2285 lymphata
1209 2199 1316 2264 furore

568 2321 719 2404 Respuit,
743 2324 775 2385 et
799 2321 903 2385 surdis
926 2320 1054 2384 auribus
1076 2320 1138 2384 ista
1161 2341 1252 2384 cano.

477 2440 539 2506 Sed
561 2442 685 2520 veniet,
709 2442 834 2542 veniet,
859 2463 922 2526 qua
944 2462 1019 2521 uera
1040 2440 1207 2519 fateberis,
1228 2441 1325 2506 hora:

569 2561 614 2627 Flt
636 2562 789 2627 scelerum
812 2562 933 2627 inficiet
956 2563 1100 2627 conscius
1123 2583 1180 2627 ora
1202 2563 1316 2647 pudor.

478 2683 633 2749 Ultricem
656 2685 730 2768 post
752 2687 843 2767 terga
865 2683 952 2748 vides
976 2685 1049 2762 tua,
1073 2684 1208 2768 respice,
1232 2685 1391 2748 Poenam:

568 2804 714 2869 Festinat
737 2804 849 2868 claudo
873 2806 906 2867 te
929 2804 1133 2888 sequiturque
1156 2805 1244 2889 pede.

479 2927 653 3010 Paupertas
677 2928 710 2989 et
733 2925 802 2989 dira
825 2923 938 2988 Fames
961 2925 1157 2989 comitantur
1178 2928 1325 3003 euntem,

557 3048 751 3130 Incessuque
773 3045 928 3110 humilem
951 3044 1052 3110 Fraus
1074 3046 1244 3110 simulante
1266 3049 1411 3132 gradum.

479 3170 678 3252 Luctusque,
702 3167 918 3252 impietasque
940 3165 1183 3252 superstitionis
1207 3168 1325 3246 amica,

572 3288 719 3372 Quaeque
744 3287 849 3352 Erebo
873 3287 997 3372 peperit
1019 3287 1094 3352 Nox
1118 3288 1185 3353 fera
1208 3292 1353 3354 monstra
1376 3310 1441 3354 suo.

479 3407 589 3473 Cernis
612 3410 649 3472 ut
670 3408 808 3471 intentet
832 3410 944 3472 dextra
967 3409 1139 3474 minitante
1161 3431 1303 3487 secures,

571 3527 716 3595 Ventilet
739 3531 771 3591 et
793 3527 898 3611 piceas
920 3529 1147 3614 concutiatque
1170 3530 1264 3594 faces.

478 3650 665 3735 Exsaugues
688 3649 819 3734 lugiunt
841 3652 976 3727 matres,
1000 3657 1033 3712 et
1052 3651 1092 3714 ad
1116 3650 1214 3714 ubera
1235 3652 1329 3715 nator

571 3770 701 3836 Aretias
722 3771 894 3848 innocuos,
921 3770 1058 3855 pignora
1077 3792 1168 3848 cara,
1192 3775 1352 3854 premunt.

481 3892 644 3959 Avertunt
665 3893 773 3956 oculos
795 3892 905 3956 melior
927 3912 1018 3975 pars,
1043 3893 1076 3956 et
1098 3892 1160 3956 sibi
1182 3892 1311 3958 dicunt:

573 4013 721 4097 Belgica,
746 4015 813 4076 tam
836 4011 914 4078 felix
937 4012 1068 4097 Belgica
1091 4033 1207 4098 nuper,
1232 4013 1289 4077 ubi
1312 4017 1367 4079 es?

481 4134 567 4210 Quae
589 4155 695 4198 rerum
717 4132 813 4198 facies
835 4133 1032 4210 miseranda,
1057 4133 1129 4217 quis
1150 4132 1277 4216 ingruit
1297 4133 1427 4200 horrorl

571 4254 640 4332 Fln,
664 4276 728 4338 qua
750 4253 858 4319 Poena
879 4254 987 4331 venit,
1011 4274 1108 4337 quam
1130 4252 1304 4318 furibunda
1326 4257 1431 4321 venit!

478 4376 542 4441 Hic
563 4376 883 4458 flamma-superante
907 4375 1019 4438 domus
1042 4374 1249 4438 consumitur.
1296 4375 1387 4454 fllia,

566 4495 644 4563 Non
665 4497 712 4560 ita
734 4495 909 4580 quaesitae,
934 4495 1129 4580 diripiuntur
1152 4516 1237 4579 opes.
