3338 5302
731 503 761 548 XI
772 527 775 534 ι

195 686 322 758 sequenti
347 703 397 757 pro
422 686 479 741 suis
503 688 619 758 agnovit
638 686 848 756 Peerlkampius
868 699 972 755 suoque
992 682 1104 738 nomine
1124 680 1300 737 6111111066-

193 794 295 864 ningae
312 792 387 862 apud
406 791 444 845 M.
463 793 488 846 J.
509 809 563 847 vau
583 792 713 857 Bolhuis,
734 791 816 846 1814.

231 897 395 967 Exemplar,
415 913 470 968 quo
493 897 685 967 typographus
704 895 741 950 ad
760 894 971 950 describendum
990 911 1056 948 usus
1075 897 1134 960 est,
1154 893 1210 948 fuit
1230 866 1298 947 olim

194 1001 354 1072 peritissimi
373 1017 486 1071 poeseos
502 1001 620 1056 Latinae
639 1000 754 1067 iudicis,
765 999 818 1056 viri
837 998 990 1054 doctissimi
1000 997 1114 1053 Henrici
1123 997 1302 1066 vanitcyen,

193 1106 243 1176 qui
267 1123 317 1160 sua
347 1123 432 1161 manu
458 1106 543 1160 titulo
573 1105 721 1176 adscripsit
750 1123 832 1160 aurea
860 1122 923 1159 saue
951 1106 980 1158 et
1008 1102 1134 1158 111611116
1157 1119 1247 1172 66666
1271 1103 1301 1156 16

195 1213 319 1284 margine
338 1211 494 1267 annotavit.

231 1317 309 1382 Quod
329 1317 454 1387 sequitur
474 1331 600 1382 6611666,
625 1313 763 1370 Gailietmc
782 1317 924 1386 Bclparam
943 1315 1012 1384 Repi
1026 1313 1207 1382 inscriptum,
1222 1328 1300 1381 prae·

193 1423 319 1478 mittitur
347 1423 441 1478 Const.
472 1420 594 1492 Hugenii
621 1421 656 1474 de
683 1421 744 1476 vita
772 1419 885 1490 propria
914 1435 1071 1473 sermonum
1096 1418 1171 1473 inter
1195 1417 1298 1473 liberos

193 1529 286 1596 libris,
306 1543 323 1583 a
342 1526 536 1596 Peerlkampio
558 1525 680 1596 primum
700 1525 797 1592 editis,
825 1543 888 1579 cum
909 1523 1040 1594 Lccsjcsii
1059 1524 1184 1579 versione
1203 1539 1301 1578 verna-

194 1632 569 1700 6616,Η61161616.1817.
607 1633 662 1698 Α6,
690 1647 725 1685 66
745 1631 779 1685 de
798 1631 898 1685 Latine
917 1625 1026 1684 reddito
1045 1633 1164 1700 utroque
1185 1630 1298 1700 Borgeri
1347 1645 1349 1649 ·

193 1739 330 1806 carmine,
356 1737 472 1793 alterius
498 1739 536 1791 ud
557 1739 656 1790 Filiam
679 1735 774 1800 initio,
795 1735 883 1790 altero
903 1737 941 1789 ud
957 1736 1092 1800 Rbeatam,
1112 1735 1172 1788 eius
1191 1733 1300 1788 Lauda-

192 1843 263 1899 tioni
289 1861 313 1898 a.
336 1843 405 1897 1821
426 1842 556 1910 adiectis,
575 1841 714 1908 dicamus,
734 1841 856 1896 61161661
875 1839 985 1896 brevius
1005 1856 1131 1906 6611666,
1156 1839 1190 1893 G.
1216 1839 1245 1894 0.
1266 1841 1300 1892 Β.

193 1951 349 2021 8611666616
381 1947 543 2020 gratulandi
572 1965 656 2002 causa
685 1947 824 2013 dicatum,
855 1945 964 2001 accedit
992 1945 1075 2001 huius
1104 1943 1301 1999 Dissertaticni

191 2055 352 2126 inaugurali
371 2053 494 2108 medicae
512 2053 546 2107 de
562 2053 633 2107 Nisa
648 2052 812 2118 formative,
828 2053 858 2106 in
874 2051 1025 2106 Academia
1041 2049 1300 2121 Lugduno·Batava

193 2176 243 2230 pro
263 2160 352 2231 gradu
372 2160 540 2215 Doctcratur
560 2157 673 2228 publice
693 2157 822 2212 defensae
842 2173 867 2210 a.
890 2157 969 2211 1824.

230 2267 346 2320 Carmen
365 2268 393 2319 ia
412 2267 526 2320 natalem
543 2266 782 2338 quiaqaaqesimum
798 2273 822 2317 et
837 2264 1035 2316 ducentesimam
1053 2262 1212 2314 Academiae
1229 2261 1300 2330 Lap-

193 2373 393 2426 daao-Batavae
424 2388 481 2425 una
512 2388 575 2424 cum
595 2368 759 2425 Sandifortii
778 2368 909 2423 Oratione
930 2366 1034 2438 prodiit
1051 2367 1082 2420 in
1101 2365 1180 2421 Actis
1200 2365 1300 2419 Saecu-
1326 2415 1328 2420 s

195 2475 312 2542 laribus,
335 2474 464 2546 Lugduni
484 2475 652 2530 Batavorum
671 2474 747 2544 apud
766 2472 979 2529 Luchtmansios
998 2470 1081 2526 editis
1101 2488 1125 2527 6.
1146 2470 1228 2524 1825.
1266 2469 1298 2522 16

193 2579 314 2651 66111616
339 2579 465 2651 linguam
493 2578 607 2634 metrice
632 2578 771 2634 convertit
797 2579 822 2633 J.
842 2578 872 2632 0.
892 2595 947 2632 van
966 2576 1101 2643 Varclen,
1122 2575 1247 2630 Harlemi
1265 2591 1299 2629 611

190 2684 305 2739 libraria
324 2685 448 2755 Locsjes‚
470 2683 567 2738 ecdem
587 2700 668 2738 6666.

228 2789 297 2844 0116
315 2789 366 2862 sub
385 2789 468 2842 finem
489 2787 590 2842 mensis
610 2788 730 2859 Augusti
746 2805 819 2843 6666
836 2788 908 2842 1830
926 2785 1061 2842 seditione
1078 2786 1205 2857 Belgica,
1223 2801 1297 2840 earn·

190 2911 244 2964 que
270 2893 400 2962 deinceps
421 2893 523 2948 secutis
543 2892 613 2948 varii
632 2893 741 2964 generis
760 2891 916 2946 inimicitiis
935 2909 968 2946 ac
988 2891 1090 2958 turbis,
1110 2893 1174 2960 post
1195 2906 1298 2944 memo·

189 2999 277 3054 rabile
294 2999 409 3069 Speylrii
427 2998 535 3053 facinus
553 3015 645 3053 166666
665 2997 814 3053 Februario
832 2997 919 3064 1831,
940 3015 1027 3067 quum
1048 2998 1177 3067 dgeretur
1196 2995 1230 3050 de
1250 3011 1298 3064 6ο-

190 3104 283 3158 nenda
304 3103 333 3157 in
359 3104 419 3158 eius
444 3103 605 3159 memoriam
631 3103 702 3158 turri
727 3102 924 3174 navigantibus
945 3100 1126 3156 admonendis
1145 3099 1299 3164 destinata,

190 3208 354 3279 prodierunt
380 3208 583 3263 Amstclcdami
607 3225 641 3263 ex
668 3207 776 3262 officina
799 3206 954 3276 Beyerinclr
981 3205 1061 3260 annis
1083 3205 1153 3259 1831
1178 3202 1298 3259 661832

191 3313 246 3368 duo
266 3313 395 3383 deinceps
419 3314 545 3368 Carmina
563 3315 678 3383 clepiaco
699 3315 787 3366 dicata
811 3311 925 3382 06116616
946 3313 1009 3381 Spei
1021 3312 1154 3365 Nesticae
1168 3311 1195 3363 16
1209 3312 1300 3380 stapam

197 3421 276 3473 Tarri
298 3421 462 3489 8666166666.
501 3419 575 3484 0666
596 3417 735 3483 carmina,
759 3433 928 3486 quamquam
954 3431 1099 3485 suppresso
1126 3416 1226 3484 poetae
1252 3432 1301 3469 66-

193 3522 283 3590 16166,
302 3522 442 3577 neminem
462 3522 549 3576 611661
569 3539 654 3592 quam
674 3521 899 3590 Peerlkampiunr
920 3500 1063 3574 auctorem
1082 3518 1184 3573 habere
1200 3536 1256 3573 una
1272 3521 1302 3573 et

193 3627 367 3684 consentiens
379 3645 432 3684 vox
442 3645 536 3683 eorum
556 3627 694 3693 61661661,
710 3643 794 3697 66666
811 3642 879 3696 quos
890 3626 963 3681 6616
974 3643 1002 3680 16
1018 3625 1060 3680 166
1071 3627 1154 3680 61166
1169 3623 1302 3694 loquendi

73 3735 79 3744 “
192 3736 267 3800 6161,
288 3732 499 3804 616666616111,
519 3733 636 3788 6661116
656 3733 731 3803 1666,
751 3749 834 3801 quem
855 3732 938 3802 vulgo
959 3733 1100 3785 auctorem
1120 3729 1217 3784 haberi
1238 3744 1304 3783 con·

193 3840 294 3906 616161,
321 3838 442 3910 negavit.
481 3837 547 3893 Ista'
562 3838 651 3910 igitur
677 3837 731 3893 duo
757 3837 887 3892 Carmina
915 3851 1092 3905 nequaquam
1112 3833 1303 3889 dubitavimus

193 3943 379 4013 Peerlkampii
404 3943 510 3998 nomini
533 3943 688 3999 adscribere
714 3945 743 3998 et
767 3942 842 3996 inter
867 3941 926 3996 eius
951 3939 1103 4010 specimina
1126 3939 1238 4010 poetica
1260 3956 1303 3994 re·

193 4050 272 4104 ferre.
311 4049 472 4119 Exemplari
491 4066 540 4104 suo
560 4049 605 4103 hic
624 4049 683 4103 illic
706 4048 793 4114 idem,
813 4062 897 4116 quem
918 4063 1001 4116 supra
1021 4045 1241 4110 nominavimus,
1260 4043 1303 4100 vir

195 4155 305 4211 doctiss.
326 4153 389 4208 Van
409 4153 506 4223 Royan
525 4170 616 4223 pauca
635 4151 791 4222 adscripsit.

231 4256 316 4312 Edita
330 4255 421 4326 priore
440 4256 539 4313 horum
556 4257 718 4312 0611616616
737 4258 833 4326 66116,
849 4255 987 4310 Auctorem
1006 4272 1162 4324 anonymam
1181 4251 1302 4308 carmine

194 4362 294 4416 Latino
313 4361 465 4417 celebravit
475 4363 558 4418 Hear.
577 4358 1182 4433 1176661161,1166161066666110616666616,
1198 4358 1303 4430 Campis

195 4469 232 4521 cd
251 4465 370 4533 Isalcas,
391 4469 416 4520 d.
437 4467 453 4520 1-
475 4467 540 4521 16111
557 4467 641 4533 1831,
661 4467 737 4522 edito
757 4466 785 4520 in
808 4465 1190 4537 Ν6611611116161161Α16616.
1209 4466 1304 4520 Konst-
