3338 5302
646 561 685 616 os
705 554 852 618 setosae.
1262 531 1299 618 il

197 750 392 835 profecerat,
417 754 471 831 ut,
497 775 595 837 quum
620 728 795 832 scriberet,
811 751 945 838 pingere
967 753 1136 818 videretur.
1179 751 1302 817 Memo-

198 871 279 936 riam
300 871 441 936 habebat
462 873 706 940 tenacissimam.
754 873 922 956 Recitabat
945 873 1077 938 nomina
1095 872 1235 937 iudicum
1252 894 1302 937 re·

198 1011 338 1075 gumque
367 978 558 1058 Iudaeorum
589 1017 608 1058 a
639 995 743 1078 primo
774 995 814 1059 ad
845 995 1011 1072 ultimum,
1044 999 1077 1059 et
1100 995 1226 1060 inverso
1251 1015 1303 1058 or-

199 1112 291 1189 dine,
324 1111 461 1178 faciebat
490 1115 662 1180 versiculos
693 1136 789 1199 supra
816 1118 945 1200 captum
968 1115 1099 1194 aetatis,
1123 1136 1249 1180 mensas
1273 1114 1306 1177 et

198 1232 364 1298 cathedras
394 1234 491 1298 verba
521 1234 662 1300 facturus
694 1235 944 1314 conscendebat,
976 1239 1072 1320 atque
1094 1236 1141 1300 ita
1163 1235 1200 1299 in
1223 1234 1302 1298 aliis.

198 1351 289 1416 Ludo
320 1351 450 1430 relicto,
475 1353 588 1419 missus
611 1358 660 1420 est
682 1355 718 1419 in
741 1353 899 1420 officinam
923 1355 1127 1441 argentificis.
1174 1355 1236 1421 Sed
1258 1355 1304 1418 ibi

199 1471 280 1535 nihil
310 1473 416 1538 minus
447 1495 542 1558 quam
576 1497 673 1539 manu
702 1476 771 1540 erat
801 1480 986 1561 promptus,
1013 1480 1046 1541 et
1068 1497 1154 1541 nuno
1176 1476 1303 1554 limam,
1417 1555 1420 1562 1

202 1612 286 1656 nuno
311 1592 437 1671 follem,
463 1615 549 1659 nune
573 1595 754 1673 malleolos,
779 1619 866 1661 nunc
890 1597 1065 1662 carbonum
1088 1597 1231 1675 odorem,
1252 1601 1303 1661 to·

198 1714 267 1776 tam
297 1712 432 1798 denique
463 1717 564 1779 artem
596 1715 756 1800 culpabat.
803 1715 931 1782 Discere
953 1716 1085 1783 Latinas
1109 1717 1306 1804 Graecaeque

199 1834 308 1900 literas
338 1835 467 1900 volebat
496 1839 529 1900 et
551 1837 758 1902 concionator
780 1837 995 1923 Euangelicus
1018 1839 1096 1903 fieri.
1143 1838 1264 1905 Didicit
1287 1862 1306 1903 a

199 1956 268 2021 viro
300 1957 481 2021 uenerando
512 1956 670 2036 Slichero,
701 1959 756 2043 qui
785 1959 820 2023 in
851 1980 935 2044 pago
966 1959 1195 2045 Longeveranc
1219 1960 1306 2025 domi

201 2097 276 2141 suae
298 2077 494 2142 convictores
517 2077 640 2162 aliquot
661 2077 817 2155 habebat,
842 2099 975 2162 eumque
998 2079 1033 2143 in
1055 2078 1153 2143 finem
1177 2080 1306 2159 didicit,

201 2197 306 2280 quoad
329 2196 554 2282 ipsum‘positi
576 2198 694 2262 laboris
714 2219 782 2262 non
800 2199 994 2281 poeniteret,
1014 2203 1201 2286 praeceptor
1220 2225 1305 2268 sum·

202 2338 329 2402 mopere
352 2318 569 2383 admiraretur.

248 2438 365 2504 Positis
400 2440 561 2523 praeclare
595 2439 829 2518 fundamentis,
865 2441 1002 2506 traditus
1036 2443 1071 2506 in
1105 2442 1307 2527 disciplinam

203 2561 450 2626 clarissimorum
482 2565 665 2640 doctorum,
699 2564 807 2626 tantas
831 2564 1044 2647 superstruxit
1067 2563 1229 2628 doctrinae
1253 2585 1305 2628 co·

204 2683 288 2767 pies,
324 2684 461 2768 quantes
493 2683 548 2747 ille
582 2683 709 2760 debuit,
745 2683 806 2746 hoc
841 2685 906 2762 est,
940 2685 1113 2761 maximes3
1144 2685 1307 2770 vitamque

201 2826 291 2868 suam
316 2805 363 2868 ita
384 2803 543 2881 instituit,
568 2805 659 2888 quasi
682 2805 803 2868 dictum
826 2804 966 2869 Musunii
988 2806 1023 2869 in
1045 2806 1152 2870 animo
1175 2805 1307 2870 heberet

201 2925 411 3010 inscriptum:
460 2924 516 2990 »Si
539 2924 622 3008 quid
639 2934 696 3009 per
718 2925 860 2989 laborem
883 2930 967 2990 recte
990 2926 1117 3003 feceris,
1141 2926 1233 2992 labor
1255 2950 1306 2992 re-

201 3046 302 3124 cedit,
327 3047 408 3110 bene
431 3045 552 3110 factum
576 3049 693 3110 manet.
741 3045 774 3111 si
797 3046 874 3131 quid
896 3067 954 3129 per
977 3047 1175 3133 voluptatem
1193 3048 1306 3132 nequi-

202 3169 251 3232 ter
273 3167 402 3245 feceris,
427 3167 575 3252 voluptas
599 3167 684 3245 abit,
709 3148 862 3250 nequiter
878 3165 999 3231 tactum
1021 3165 1163 3231 manet.'’

246 3289 408 3372 Borgerus
438 3288 547 3372 capaci
574 3290 607 3352 et
629 3289 720 3352 vasto
742 3287 872 3371 ingenio
896 3287 1049 3373 plurimas
1073 3289 1200 3373 quidem
1224 3291 1307 3354 artes

203 3409 509 3494 comprehendebat,
534 3408 624 3472 etin
647 3407 738 3472 nulla
760 3407 875 3493 hospes
898 3397 981 3488 esse,
1006 3410 1115 3473 sedin
1133 3409 1307 3494 Theologia

201 3531 292 3616 quasi
319 3529 465 3594 habitare
488 3529 706 3594 constituerat.
755 3526 887 3594 Oreutus
910 3533 958 3594 est
981 3528 1173 3614 Theologiae
1196 3532 1307 3596 doctor

202 3672 287 3716 anno
319 3651 415 3715 huius
442 3649 558 3714 saeculi
581 3649 735 3735 septimo,
761 3649 845 3714 edito
868 3650 1132 3734 interpretatione
1156 3651 1307 3736 epistolae

201 3772 294 3837 Pauli
324 3773 364 3836 ad
396 3770 543 3850 Galatas,
577 3772 690 3835 notata
711 3771 785 3849 illa,
810 3792 998 3856 quoeunque
1020 3770 1137 3836 librum
1160 3772 1305 3852 evolvas,

201 3892 343 3978 vestigiis
364 3892 540 3957 industriae
564 3895 598 3956 et
617 3891 726 3956 iudicii
749 3911 822 3956 vere
845 3891 1025 3976 singularis.

246 4011 347 4078 Fuere
377 3999 545 4091 nonnulli,
579 4012 634 4097 qui
663 4011 795 4076 nimiam
825 4012 860 4076 in
889 4033 926 4076 eo
949 4012 1107 4077 luxuriem
1130 4013 1306 4097 deprehen·

202 4135 274 4200 dere
308 4133 369 4199 sibi
402 4134 587 4199 uiderentur
620 4135 654 4196 et
686 4132 863 4216 culparent.
910 4130 1000 4197 Alios
1035 4133 1159 4214 audivi,
1191 4154 1306 4219 eosque

200 4255 335 4341 Borgeri
369 4253 566 4339 popularem:
592 4253 647 4338 qui
678 4254 927 4319 ostentationem
956 4253 1103 4320 iuvenilis
1133 4254 1307 4339 sapientiae

200 4377 411 4465 appellarent.
460 4373 650 4459 Cognoscite
677 4375 757 4439 mihi
778 4374 934 4440 homines.
976 4447 977 4450 Ἴ

235 4539 348 4602 naara
376 4541 513 4605 neuqua,
531 4541 567 4590 sc.
585 4540 609 4590 J.
629 4507 939 4605 vsnmes'rarnamp,
957 4555 980 4605 p.
998 4536 1055 4590 arr.
