3362 5296
404 561 465 624 2⁰6
560 577 664 623 novun
677 575 798 624 errans
812 577 943 626 orcarum
959 577 1105 626 eomodo
1119 576 1184 626 seer
1198 577 1358 627 raonem.

478 761 571 828 »Illie
593 761 757 847 Behringa
780 765 836 828 est.
871 761 935 828 Hie
957 761 1077 828 Diesio.
1113 760 1176 826 Hie
1200 763 1339 847 plurima
1362 764 1458 832 silva.

568 880 660 946 »Hae
683 880 886 948 Hasseletum
910 884 1002 967 parte
1025 881 1212 968 Thinaeque
1234 883 1351 950 iaeenl.

480 1002 645 1069 »Collibus
667 1003 718 1070 his
741 1026 934 1089 quamquam
957 1003 1083 1068 munile
1104 1003 1265 1082 bononia,
1286 1008 1381 1090 eapte
1401 1007 1464 1073 esi.

570 1122 665 1188 »Huo
687 1124 739 1189 via
761 1123 945 1190 Bruxellam
967 1124 1068 1189 libera
1090 1124 1130 1187 ab
1153 1123 1246 1190 hoste
1269 1127 1369 1209 petel.

480 1244 582 1311 Cerne
606 1245 684 1309 mihi
709 1248 839 1311 tenerae
862 1267 958 1331 quarn
980 1248 1070 1310 muta
1093 1244 1221 1310 silentia
1243 1246 1372 1310 turbae!

569 1364 679 1442 Qualis
700 1366 735 1430 in
759 1366 899 1434 attonito
921 1366 1043 1432 lumine
1065 1366 1194 1431 flamma
1217 1366 1331 1431 micat!

479 1487 567 1553 Haeo
590 1487 686 1552 eliam
708 1487 854 1553 incendit
876 1488 1027 1554 iuvenilia
1050 1492 1179 1573 peetora
1201 1491 1381 1574 quondam,

570 1608 633 1673 Pro
661 1611 771 1674 nostre
793 1631 875 1694 quae
897 1631 985 1674 nuno
1006 1610 1100 1674 laude
1124 1611 1266 1694 peremto
1288 1609 1404 1675 iacent.

480 1729 569 1796 Haeo
604 1731 835 1796 animaliores
858 1731 939 1796 mira
961 1731 1128 1796 dulcedine
1151 1751 1279 1796 sensus:

571 1850 616 1916 Et
637 1872 688 1915 me
712 1853 816 1916 casira
838 1852 970 1928 iuvant,
995 1849 1047 1916 hio
1071 1873 1197 1936 quoque
1220 1851 1309 1916 miles
1332 1852 1402 1916 erit.

483 1972 563 2037 Ossa
585 1993 643 2057 per
664 1973 697 2035 el
720 1971 842 2037 eineres
865 1972 1033 2056 peregrino
1057 1974 1144 2036 leole
1167 1972 1327 2056 sepulcro,

570 2092 632 2157 Per
655 2113 729 2169 vos,
753 2091 926 2190 Hellandi‚
950 2094 1080 2177 peeiora
1104 2095 1208 2170 certa,
1234 2092 1311 2158 viril

484 2214 606 2280 Ibimus
629 2213 768 2278 adversis
790 2214 895 2299 palria
917 2216 1068 2297 poscente
1090 2213 1226 2298 perielis.

575 2334 691 2399 Nobile
714 2337 747 2398 ei
769 2335 948 2420 exemplum
971 2335 1079 2399 nobile
1101 2336 1205 2401 esloar
1227 2335 1296 2401 erit.

485 2455 607 2540 Pignus
629 2455 666 2518 in
689 2455 767 2522 haee
791 2459 935 2541 pateram
959 2455 1078 2521 funelis
1099 2456 1238 2522 libamus
1261 2456 1384 2522 amieis:

576 2575 624 2641 De
648 2598 738 2641 eaeso
761 2577 795 2641 in
819 2579 936 2642 terrem
960 2578 1005 2642 sie
1029 2597 1122 2642 eruor
1144 2577 1238 2643 hoste
1261 2577 1349 2644 fluat.

484 2699 579 2765 Hane
603 2720 681 2785 ego,
704 2696 917 2782 Falooburge‚
941 2698 1019 2762 tibi!
1066 2697 1246 2762 Puerilibus
1270 2698 1364 2763 annis

574 2820 645 2885 Iam
667 2821 752 2886 sooio
775 2819 855 2884 mihi
876 2821 1004 2903 pectore
1028 2839 1099 2883 earo
1122 2820 1195 2883 buo!

484 2942 561 3008 Non
584 2943 646 3008 alio
670 2963 795 3028 pugnas
819 2943 898 3006 duee
921 2941 1074 3017 lusimus,
1098 2961 1187 3004 arma
1211 2939 1372 3005 vibranles

574 3063 707 3148 Lignea.
754 3060 855 3138 Quam
878 3082 977 3146 parvo
1000 3059 1102 3124 milite
1123 3060 1226 3124 laetus
1250 3061 1336 3124 eras!

485 3185 597 3265 Hane,
620 3185 860 3261 Beeolnnanne‚
884 3181 960 3246 libi!
985 3181 1117 3246 dileetee
1140 3181 1244 3264 gloria
1266 3181 1397 3246 malnis!

580 3305 742 3370 Pieridum
765 3308 798 3370 et
821 3303 934 3370 Morbis
958 3302 1050 3387 signe
1074 3301 1216 3366 animose
1239 3302 1343 3386 sequi!

486 3426 532 3491 Te
554 3426 656 3490 virius
679 3427 787 3490 benere
811 3446 944 3509 surgens
966 3423 1104 3488 velocior
1126 3444 1220 3500 aere,

576 3546 684 3613 Aurea
706 3545 836 3612 sublimi
859 3545 947 3610 misit
968 3544 1003 3608 in
1028 3547 1116 3608 enirn
1139 3543 1199 3608 via.

487 3669 554 3736 Vos
579 3670 673 3748 olim,
698 3668 838 3770 illustres
861 3666 1003 3743 animae,
1026 3665 1081 3749 pia
1103 3664 1198 3730 turba
1220 3685 1406 3748 sequemur,

578 3789 709 3875 Quoque
731 3790 825 3855 modo
848 3788 973 3866 iubeat,
991 3789 1141 3869 'tempore
1164 3805 1291 3869 quoque
1313 3783 1410 3850 Deus.

420 3926 594 3940 m

453 3986 507 4033 Iam
523 3984 583 4034 socio
600 3983 670 4046 mili)
704 3981 837 4048 A'dseripsit
854 3982 882 4029 R.
902 3981 963 4044 Lege
979 3983 1033 4032 Iam
1051 3980 1110 4029 mihi
1126 3985 1178 4029 tum
1194 3979 1255 4028 socio
1266 3995 1292 4043 p.
1312 3995 1331 4028 c.
1349 3983 1367 4029 t.
