3338 5302
379 527 418 592 38
874 543 981 594 calmo

379 732 500 796 stantes
534 729 569 795 in
602 751 659 795 sua
689 730 805 814 quique
836 731 1004 814 disciplina
1035 729 1207 814 Theologi,
1238 729 1481 810 Iurisconsulti,

379 849 565 934 Philosophi
596 853 629 915 et
654 849 770 916 Medici
791 853 980 931 ostendant,
1004 853 1106 916 artem
1129 850 1241 931 huius,
1265 873 1363 936 quam
1385 873 1484 938 quae·

381 972 497 1050 rimus,
528 970 722 1056 elegantiae,
753 994 820 1039 non
847 973 1008 1058 propriam
1030 973 1149 1052 literis,
1173 975 1228 1038 sed
1251 973 1340 1037 omni
1364 974 1483 1040 doctri·

382 1114 442 1156 nae
465 1115 531 1158 esse
552 1096 776 1161 communem?

426 1213 554 1280 Novum
577 1215 741 1281 nonnullis
765 1215 897 1294 accidit,
921 1214 1116 1302 Borgemm,
1139 1215 1250 1300 quiin
1268 1215 1413 1282 oratione
1432 1237 1483 1281 so·

382 1334 452 1399 luta
482 1336 614 1402 cadebat
643 1337 777 1415 nemini,
806 1336 948 1420 aligata
971 1335 1179 1416 abstinuisse,
1203 1337 1315 1415 illum,
1339 1337 1396 1420 qui
1418 1339 1485 1401 tam

383 1478 533 1522 nervosos
555 1460 588 1522 et
609 1460 759 1523 venustos
781 1479 889 1524 versus
911 1457 1040 1542 Belgica
1062 1460 1276 1542 componeret.
1311 1456 1383 1522 Hoo
1406 1457 1486 1522 mihi

383 1600 549 1662 nunquam
588 1600 707 1644 novum
740 1578 865 1645 accidit.
912 1578 1067 1645 Nondum
1100 1579 1187 1644 enim
1220 1579 1392 1658 didicerat,
1428 1599 1487 1644 neo

383 1697 466 1764 forte
496 1720 636 1783 unquam
666 1699 786 1768 discere
808 1699 978 1784 coepisset,
1002 1699 1079 1784 quia
1102 1698 1227 1765 animus
1250 1701 1283 1764 et
1305 1698 1485 1765 studiorum

384 1841 492 1886 cursus
517 1819 609 1886 illum
632 1820 694 1886 elio
717 1819 848 1888 ferebat.

429 1941 505 2008 Non
534 1941 596 2007 hoo
625 1942 691 2008 dixi
720 1942 807 2008 illius
837 1943 987 2027 culpandi
1017 1964 1128 2021 cama,
1159 1964 1235 2007 nam
1257 1964 1309 2008 ars
1332 1943 1395 2008 ista
1417 1963 1485 2009 non

383 2082 576 2148 magnopere
611 2063 652 2127 ab
686 2085 723 2128 eo
758 2062 989 2149 postulabatur.
1035 2062 1070 2129 si
1105 2062 1269 2142 dixissem,
1304 2062 1373 2130 iure
1407 2063 1486 2128 mihi

383 2183 461 2248 vitio
495 2186 675 2262 verterent,
711 2184 796 2270 quod
830 2183 1066 2270 philosophiam
1100 2182 1298 2250 Kantianam
1332 2205 1400 2250 non
1433 2185 1486 2249 in·

381 2303 569 2388 belligerem.
626 2304 702 2371 Non
740 2325 869 2389 possum
911 2308 1099 2390 redarguere
1137 2308 1352 2372 asseverantes
1390 2305 1486 2370 istam

382 2423 617 2510 philosophiam
651 2426 753 2492 multo
776 2448 843 2493 esse
865 2427 1090 2506 difficiliorem,
1118 2449 1215 2513 quam
1238 2426 1388 2492 Latinam
1409 2447 1487 2511 poe-

384 2545 451 2610 sin:
475 2545 540 2610 imo
562 2567 629 2612 rem
651 2545 748 2631 plane
769 2568 836 2612 non
858 2547 987 2626 dubito,
1009 2569 1108 2632 quum
1129 2546 1257 2613 audiam
1276 2544 1376 2611 libros
1391 2545 1486 2625 ferri,

383 2666 418 2730 in
449 2666 564 2751 quibus
591 2667 720 2752 singula
742 2667 839 2733 verba
862 2671 1027 2753 certaeque
1050 2690 1087 2734 ac
1109 2668 1286 2734 destinatae
1309 2667 1488 2732 sententiae

382 2787 599 2872 explicantur,
628 2789 744 2874 quibus
767 2791 880 2855 doctor
902 2788 1175 2874 Regiomontanus
1196 2810 1287 2854 suam
1309 2791 1411 2853 artem
1433 2809 1490 2852 ex·

383 2908 525 2993 plicavit.
571 2908 634 2975 Sed
657 2931 814 2994 nusquam
836 2913 946 2975 tamen
968 2909 1119 2994 legimus,
1145 2930 1337 2995 quemquam
1360 2931 1380 2973 a
1402 2930 1487 2974 som·

384 3028 439 3094 nio
469 3033 601 3117 repente
628 3033 755 3117 poetam
779 3030 931 3096 Latinum
954 3029 1148 3097 Graecumue
1170 3029 1344 3115 prodiisse,
1367 3029 1431 3096 nisi
1452 3029 1489 3094 in

384 3148 500 3216 fabulis
523 3151 561 3217 de
584 3151 721 3218 Hesiodo
745 3155 778 3217 et
798 3150 915 3217 Ennio.

428 3271 495 3337 Vos
525 3271 605 3336 mihi
633 3273 764 3337 interim
795 3273 903 3338 audite
929 3272 1068 3337 hominis
1092 3271 1256 3338 cniusdam
1278 3270 1487 3337 sententiam:

384 3392 561 3477 Borgerus,
593 3393 718 3479 inquit,
748 3394 804 3478 qui
832 3366 978 3478 linguam
1000 3393 1167 3473 latinam,
1191 3396 1228 3458 ut
1251 3413 1343 3459 nemo
1367 3393 1488 3478 magis,

385 3514 537 3594 callebat,
568 3518 677 3581 tamen
709 3536 817 3581 versus
843 3513 976 3580 Latinos
998 3535 1065 3580 non
1087 3511 1173 3580 fecit.
1221 3511 1310 3580 Gur?
1332 3513 1408 3597 quia
1428 3513 1488 3578 ha·

384 3636 481 3703 hebet
509 3636 662 3703 iudicium
690 3636 838 3702 subtilius
867 3639 901 3701 et
933 3635 1126 3722 elegantius,
1151 3655 1248 3720 quam
1269 3637 1308 3699 ut
1319 3635 1489 3713 crederet,

386 3758 542 3839 animum,
566 3759 677 3825 divim
698 3758 804 3824 furore
824 3755 1077 3837 inflammatum,
1099 3756 1178 3842 quid
1195 3756 1346 3834 sentiret,
1364 3753 1491 3820 Latinis

385 3880 527 3946 versibus
548 3901 640 3966 posse
663 3880 833 3945 effundere.
860 3917 901 3928 -
926 3877 1011 3946 Nolo
1032 3877 1177 3963 equidem
1195 3877 1233 3942 in
1251 3876 1403 3942 diluenda
1421 3879 1490 3940 tam

384 4001 507 4086 insigni
533 4000 693 4067 calumnia
715 4001 895 4080 immorari,
920 4022 996 4066 nam
1018 4000 1138 4065 irascor
1160 4020 1259 4085 quum
1284 3997 1400 4083 cogito.
1447 3995 1490 4062 Di

385 4122 479 4189 bonit
525 4122 574 4189 Eo
596 4123 762 4201 audaciae,
786 4121 838 4188 rel
860 4121 965 4186 dicam
988 4119 1143 4207 stuporis,
1167 4117 1355 4204 processisse
1379 4138 1490 4201 quem·

384 4246 488 4331 piam,
520 4249 557 4312 ut
586 4245 665 4310 haee
696 4242 847 4311 scriberet
868 4243 905 4308 in
927 4242 1032 4328 patria
1056 4239 1390 4307 excellentissimorum
1414 4258 1490 4322 pce·

385 4372 490 4436 tarum
521 4367 701 4454 genetrice,
731 4367 811 4432 vivis
843 4367 939 4450 atque
969 4362 1153 4430 videntibus
1182 4359 1373 4438 D’hlscurio,
1404 4357 1489 4424 Len·

387 4492 499 4577 nepio,
534 4487 716 4568 Hoeufftio,
752 4486 956 4554 audientibus
991 4484 1118 4571 egregie
1152 4482 1253 4550 doctis
1287 4478 1490 4558 hominibus,
