3338 5302
385 535 427 595 la
880 545 988 599 onsno

385 733 490 817 plane.
534 734 596 800 Sed
617 739 726 799 tamen
748 755 854 800 sacros
875 736 973 801 libros
1000 737 1203 820 interpretor.
1246 737 1423 823 Appellant
1442 764 1495 806 me

384 854 499 918 Leidae
522 855 672 920 lectorem
695 854 987 921 Hermeneutices.”

429 974 511 1040 Oum
541 977 603 1040 ista
630 976 834 1060 simplicitate
857 980 890 1041 et
913 978 1068 1041 modestia
1091 979 1308 1064 coniungebat
1331 982 1393 1064 ipsi
1416 1005 1494 1066 pro-

384 1097 488 1179 priam
518 1100 680 1182 quandem
703 1097 899 1163 hilaritatem
919 1102 953 1162 et
975 1097 1226 1178 humanitatem,
1251 1123 1388 1185 quarum
1411 1103 1493 1168 alte-

383 1239 452 1281 ram
464 1223 627 1297 enatura,
647 1218 842 1284 aliterarum
860 1219 949 1283 cultu
966 1223 1131 1304 acceperat
1148 1221 1300 1299 alteram,
1323 1225 1493 1308 utramque

384 1337 551 1404 hominum
581 1340 811 1405 consuetudine
838 1338 946 1403 alebat
968 1341 1070 1424 magis
1093 1363 1189 1424 quam
1213 1341 1382 1408 formabat.
1431 1345 1493 1410 Sed

385 1459 504 1524 frustra
534 1461 570 1524 in
596 1482 631 1524 re
653 1460 802 1524 omnibns
825 1460 992 1536 notissima
1014 1461 1112 1526 verba
1135 1461 1227 1527 facio.
1274 1463 1381 1549 Igitur
1404 1466 1494 1531 brevi

386 1581 591 1646 concludam:
624 1580 801 1665 Borgerus,
832 1582 888 1666 qui
918 1582 1087 1666 diligentia
1118 1603 1192 1648 cum
1218 1583 1493 1668 diligentissimis,

385 1702 562 1767 eruditione
584 1724 657 1767 cnm
680 1702 901 1767 eruditissimis
924 1704 1085 1782 certabat,
1108 1703 1193 1768 idem
1215 1705 1367 1771 comitate
1389 1710 1423 1771 et
1445 1706 1494 1771 fe·

385 1822 527 1888 stivitate
556 1845 628 1889 oum
657 1823 805 1888 omnibus
828 1823 989 1902 certabat,
1013 1824 1068 1908 qui
1090 1823 1238 1908 inprimis
1261 1847 1366 1890 comes
1390 1829 1423 1890 et
1446 1825 1494 1891 fe·

385 1944 460 2009 stivi
494 1943 706 2009 habebantur.
753 1943 834 2009 Oum
869 1946 969 2008 nauta
999 1943 1271 2008 sermocinabatur
1301 1947 1341 2009 de
1371 1948 1494 2026 ventis,

386 2088 459 2132 cum
490 2069 614 2130 aratore
646 2067 686 2129 de
707 2065 825 2142 tauris,
851 2086 924 2128 cum
947 2084 1139 2149 unoquoque
1161 2066 1200 2129 de
1221 2064 1339 2148 pluviis
1363 2069 1397 2130 et
1418 2066 1495 2132 soli·

385 2188 455 2252 bus.
503 2185 665 2254 (fontiniis
695 2187 843 2272 frequens
872 2190 905 2251 et
935 2186 1056 2271 primns
1088 2188 1219 2262 aderat,
1242 2189 1422 2270 postremus
1445 2211 1495 2254 re-

386 2308 573 2392 linquebat,
615 2311 763 2393 acceptus
803 2308 974 2384 omnibus,
1016 2306 1165 2371 omnibus
1204 2328 1310 2385 carus,
1348 2309 1495 2376 omnibus

386 2429 553 2495 iucundus.
600 2427 663 2493 Hic
693 2428 773 2494 sales
803 2432 836 2493 et
864 2428 986 2512 lepores
1015 2427 1096 2493 serio
1120 2427 1214 2492 vultu
1237 2427 1392 2506 iaciebat,
1416 2451 1496 2514 quos

387 2552 440 2617 vix
475 2571 666 2615 numerares.
713 2549 862 2614 Publicos
893 2549 1090 2614 cruditorum
1120 2548 1289 2613 hominurn
1320 2553 1496 2616 conventus

387 2673 559 2757 diligenter
580 2671 708 2749 obibat,
732 2672 828 2749 adeo,
851 2673 905 2748 nt,
930 2670 957 2734 si
975 2669 1224 2748 desideraretur,
1246 2672 1412 2755 aegrotum
1429 2693 1496 2737 esse

386 2797 559 2860 crederent.
598 2791 778 2859 Concilium
800 2792 958 2857 indictum
982 2794 1051 2857 erat
1072 2790 1373 2857 Amstelodamum?
1413 2791 1496 2858 Bor-

387 2937 499 3000 gernm
530 2915 566 2979 in
596 2915 701 2999 primo
723 2914 852 2999 agmine
875 2912 1106 2979 confluentiam
1129 2913 1336 2997 conspiceres.
1383 2912 1496 2978 Ultra·

386 3037 528 3102 iactum?
573 3037 731 3116 Venerat,
755 3039 927 3121 antequam
950 3035 1117 3120 cogitares.
1153 3032 1365 3099 Harlemum?
1401 3034 1495 3101 Nun·

388 3181 484 3244 quam
515 3159 695 3245 praesentia
726 3158 812 3223 illius
835 3157 1003 3222 caruimus.
1049 3155 1101 3220 Ita
1123 3155 1180 3240 qui
1202 3154 1292 3220 libris
1316 3156 1382 3220 suis
1403 3157 1497 3222 unice

389 3303 455 3346 esse
486 3281 629 3358 deditus,
661 3279 823 3363 vitamque
850 3279 937 3342 intra
968 3276 1105 3362 parietes
1129 3275 1219 3340 etin
1241 3275 1355 3340 umbra
1377 3277 1496 3340 transi-

389 3421 463 3485 gere
491 3400 676 3477 videbatur,
707 3397 882 3483 plurimum
904 3397 940 3462 in
962 3397 1064 3462 lucem
1087 3399 1183 3482 atquc
1205 3397 1303 3462 solem
1326 3396 1495 3482 prodibat,

389 3525 422 3587 et
453 3520 596 3586 omnium
628 3519 758 3586 minime
781 3518 937 3584 amicitias
961 3522 994 3583 et
1016 3517 1163 3583 sodalitia
1185 3517 1340 3602 fugiebat.
1386 3517 1497 3602 Neque

389 3663 449 3729 ego
479 3665 498 3707 a
528 3641 670 3728 Borgero
702 3637 795 3707 aliter
825 3639 894 3706 fieri
917 3639 1114 3726 exspectari,
1143 3639 1208 3704 imo
1231 3639 1325 3704 valde
1347 3639 1496 3718 mirarer,

389 3764 416 3829 si
438 3783 527 3831 secus
550 3763 686 3831 fecisset.

435 3882 463 3949 Ο
494 3883 618 3950 felicem
648 3885 780 3968 ingenio
810 3882 990 3963 hominem,
1022 3879 1146 3948 felicem
1178 3879 1341 3960 doctrina,
1372 3880 1497 3946 felicem

389 4005 581 4072 honoribus!
628 4004 763 4071 Utinam
785 4005 834 4069 illi
856 4006 893 4070 in
913 4006 1008 4072 rebus
1031 4003 1212 4069 domesticis
1235 4002 1347 4068 melior
1367 4001 1498 4070 fortuna

390 4126 594 4212 contigisset!
640 4123 795 4190 Animum
826 4125 868 4192 ad
897 4147 1028 4191 uxorem
1059 4123 1233 4209 applicuit,
1264 4123 1372 4203 duxit,
1400 4125 1497 4191 ¹unice

390 4247 525 4326 amavit,
551 4246 753 4312 acerbissima
776 4250 878 4312 morte
900 4243 1015 4311 amisit.

436 4369 552 4434 Misera
583 4367 726 4453 profecto
756 4390 805 4433 res
837 4389 903 4434 esse
932 4365 1040 4447 debet,
1065 4387 1195 4432 uxorem
1219 4364 1367 4431 dilectem
1391 4365 1498 4432 ridere

391 4489 596 4568 morientem,
627 4491 661 4554 et
688 4489 750 4554 hoc
780 4488 868 4556 brevi
901 4491 975 4574 post
997 4489 1165 4574 tempore,
1182 4509 1279 4572 quam
1302 4491 1335 4553 te
1357 4485 1498 4571 primum
