3362 5296
391 1387 608 1490 NOVUM
636 1397 886 1494 cleMnN
917 1397 1203 1490 LATINUM

743 1633 855 1670 nlcawn

237 1807 471 1884 OOLLEGIO
498 1807 604 1882 SPEI
626 1805 874 1882 NAUTIOAE
896 1805 1347 1884 AMSTELODAMENSI.

685 2028 903 2077 Mncccxxxll.

732 2247 755 2296 N
757 2261 831 2296 ecesse
841 2249 888 2304 eet,
899 2249 991 2296 suomet
999 2246 1046 2311 ipsi
1056 2261 1122 2295 mere
1130 2245 1273 2311 praecipites
1282 2248 1345 2295 eunt.

1159 2331 1312 2382 sufficeres.

975 2421 1092 2436 „uu-*-

307 2717 365 2782 Sal
388 2716 526 2782 lacrimis
548 2718 676 2802 iraeque
699 2717 820 2782 datum.
867 2716 944 2783 Non
968 2717 1098 2802 Belgica
1120 2717 1223 2796 lanii,

395 2836 463 2903 Nec
485 2861 559 2902 eum
580 2837 714 2903 Faiercis
738 2837 873 2904 Francia
897 2841 967 2903 lota
989 2838 1061 2902 fuit.

303 2959 373 3024 Iam
397 2963 488 3024 velus
510 2959 673 3025 Hellando
698 2961 793 3024 rediit
814 2959 997 3025 constancia
1021 2960 1125 3040 cordi,

400 3079 531 3166 Quaque
553 3081 644 3146 deuel
666 3081 792 3165 patiens
816 3081 921 3145 laedia
943 3085 1051 3145 manle
1073 3081 1150 3146 fero.

304 3200 395 3277 Quod
418 3203 523 3280 dolui,
548 3202 686 3266 doluisse
709 3201 817 3285 pudel.
865 3200 899 3265 si
922 3201 1024 3266 dicere
1046 3201 1095 3265 fas
1118 3204 1183 3279 est,

395 3321 681 3400 Infelix,'miserel
705 3344 773 3399 me,
798 3321 975 3406 Lecpolde‚
1000 3322 1057 3386 lui.

303 3441 371 3521 lle,
396 3444 482 3528 agite
504 3443 632 3507 hiberni
656 3443 768 3528 procul
791 3465 857 3508 uno
881 3444 1010 3509 turbine
1033 3445 1121 3509 venti

394 3562 571 3628 'iristitiam
595 3567 627 3627 el
651 3567 782 3628 cuncter
805 3565 901 3629 litera
924 3568 965 3629 ad
987 3564 1098 3649 Angla
1117 3569 1230 3630 metus.

304 3682 441 3767 Spiriius
462 3683 624 3748 Ausoniae
647 3684 674 3748 ai
697 3707 748 3749 me
770 3685 854 3770 regit
876 3685 930 3749 ille
954 3683 1147 3762 Camenae,

396 3804 441 3870 Ut
464 3808 552 3870 vales
578 3805 678 3870 Musis
702 3828 770 3871 non
793 3806 953 3871 inhonora
975 3807 1103 3891 loquar:

304 3925 351 3989 Tu
374 3925 454 3989 mihi
477 3925 571 4010 cinge
594 3925 704 3990 volens
727 3925 874 3991 Phoebea
898 3930 1042 4011 tempora
1065 3927 1173 4005 lauro,

393 4046 498 4110 Lauro
521 4046 616 4132 cinge
639 4069 761 4125 meam,
787 4051 875 4112 casta
898 4047 1028 4126 Thalia,
1051 4048 1164 4132 lyram.

303 4167 379 4234 Non
400 4189 528 4232 carmen
551 4168 701 4234 Silvanus
725 4169 795 4232 eril.
843 4169 919 4244 Quis
944 4169 1085 4234 carmina
1109 4174 1214 4249 curel,

393 4287 454 4364 Qui
478 4288 592 4353 dexlra
613 4287 761 4373 Europae
784 4289 852 4354 lala
875 4292 1007 4374 polenia
1029 4290 1137 4375 gerii?

303 4409 378 4474 Non
401 4412 526 4494 pestes,
555 4409 734 4494 furiasque,
759 4412 792 4474 el
815 4412 942 4475 ademto
967 4410 1087 4475 lumine
1110 4413 1272 4490 monstra,

392 4528 469 4595 Non
481 4530 608 4610 seelera,
621 4531 693 4596 heu!
702 4531 774 4616 plus
785 4553 882 4615 quam
893 4531 1033 4618 Belgica,
1048 4536 1085 4598 ul
1096 4533 1181 4612 anie,
1194 4554 1317 4599 canam.
