3362 5296
389 533 449 596 ‘214
881 549 1000 593 ornum

434 732 630 818 Confugere,
655 735 688 796 et
710 733 811 816 captis
834 753 968 816 regnare
990 732 1025 795 in
1049 730 1167 795 finibus
1190 729 1338 794 hostem?

433 853 533 919 Ebria
555 854 718 932 libertate,
744 853 837 917 meris
860 852 1033 917 crateribus
1056 851 1187 930 hausta,

434 974 697 1059 Sanguineaeque
719 975 833 1038 insana
856 973 978 1058 agitata
1001 973 1148 1056 cupidine
1171 971 1291 1050 laudis,

435 1095 521 1162 Gens
545 1097 638 1162 avida
660 1097 696 1160 in
718 1096 831 1160 mundi
851 1094 993 1180 posuisse
1016 1098 1148 1177 tropaea
1170 1093 1290 1170 ruinis,

434 1216 529 1282 Dona
554 1239 610 1282 sua
633 1219 823 1302 apportans,
846 1215 1024 1299 improvida
1047 1217 1177 1299 pectora
1200 1213 1299 1298 cepit,

435 1336 517 1402 Atro
542 1337 700 1402 mortiferi
723 1341 807 1402 dona
829 1337 912 1401 illita
934 1336 1009 1401 felle
1031 1336 1155 1400 veneni.

438 1458 581 1523 Tandem
605 1458 743 1523 defectos
767 1459 885 1523 crudeli
906 1459 981 1522 tabe
1003 1457 1141 1522 Batavos

436 1579 488 1644 Ad
512 1578 627 1643 solium
650 1579 758 1644 fatalis
781 1580 850 1644 hori
874 1584 1029 1656 stravere,
1054 1582 1192 1670 tyranno

437 1699 504 1784 Ipsi
525 1700 735 1780 inclinantes,
761 1701 838 1784 ipsi,
862 1699 988 1765 servilia
1011 1699 1102 1764 colla.

437 1821 498 1887 His
522 1824 653 1887 tandem
677 1823 786 1888 divina
808 1823 899 1887 malis
924 1821 1093 1887 clementia
1113 1821 1207 1886 finem

440 1942 581 2009 Attulit:
606 1968 647 2010 en
671 1945 783 2031 patriis
807 1946 887 2008 alter
909 1942 1086 2008 Gulielmus
1109 1943 1144 2006 in
1168 1942 1249 2020 oris,

440 2066 579 2152 Imperio
603 2067 730 2152 fulgens
754 2067 810 2151 qui
831 2065 1061 2150 splendidiore,
1086 2064 1237 2148 superbos

439 2185 553 2272 Aequa
576 2188 646 2272 lege
670 2188 792 2252 animos
816 2187 909 2251 Bruti
931 2185 1072 2250 frenaret
1094 2189 1126 2248 et
1144 2183 1251 2270 Appi,

440 2305 695 2392 Neerlandisque
719 2310 810 2373 daret
832 2329 958 2373 securae
979 2308 1075 2390 plena
1098 2306 1214 2389 quietis

442 2426 534 2506 Otia,
560 2429 814 2513 tranquillosque
836 2430 920 2506 dies,
946 2451 1002 2492 sua
1025 2428 1052 2492 si
1073 2428 1160 2491 bona
1183 2429 1314 2512 possent

441 2548 596 2627 Noscere,
621 2549 764 2613 mentitis
787 2553 819 2612 et
842 2548 986 2614 claudere
1009 2549 1138 2613 vocibus
1163 2570 1262 2613 aures.

441 2669 586 2735 Ambitio
611 2672 665 2734 sed
689 2670 772 2749 dira,
797 2673 940 2734 modesta
962 2670 997 2733 in
1020 2674 1123 2748 vesto,
1147 2669 1295 2735 renidens

443 2791 572 2856 Falsum
596 2792 711 2870 oculis,
735 2791 863 2876 Stygios
888 2813 981 2875 aegre
1005 2791 1183 2856 celantibus
1205 2791 1313 2875 ignes,

443 2912 487 2976 Et
511 2913 662 2977 scelerata
687 2913 772 2991 sitis,
797 2935 893 2997 quam
917 2934 983 2976 non
1007 2912 1171 2976 satiaverit
1193 2912 1261 2974 auri

449 3033 610 3118 Quidquid
633 3033 737 3098 adhuc
761 3033 865 3097 rutilis
890 3032 1063 3098 Oalifornia
1088 3036 1192 3096 servat
1216 3031 1336 3107 arenis,

445 3153 603 3219 Insidiosa
626 3158 749 3219 canunt
771 3155 985 3218 modulamine
1009 3154 1150 3217 carmina
1173 3153 1275 3230 dulci,

446 3274 542 3340 Haud
566 3277 685 3341 surdis:
710 3276 830 3361 populo
853 3276 965 3340 melius
988 3275 1072 3354 fore,
1099 3274 1270 3338 dummodo
1295 3272 1378 3339 vires

446 3395 571 3462 Sentiat
594 3396 662 3480 ipse
684 3418 772 3473 suas,
797 3418 855 3478 pro
878 3396 1026 3461 libertate
1049 3400 1179 3480 paratus

445 3515 560 3581 Libera
582 3517 679 3580 verba
701 3516 805 3601 loqui,
831 3519 864 3580 et
887 3517 1032 3580 meliores
1055 3537 1182 3600 poscere
1205 3516 1300 3600 leges.

445 3638 576 3703 Talibus
600 3637 746 3704 incautae
772 3638 946 3702 terroribus
970 3641 1170 3716 externatae,

448 3758 543 3823 Haud
568 3781 674 3823 secum
697 3760 732 3823 in
754 3782 903 3844 praesens
925 3762 1062 3845 possunt
1084 3760 1255 3823 consistere
1278 3761 1419 3823 mentes:

448 3879 526 3957 Sed,
551 3880 650 3943 veluti
673 3880 772 3944 saevis
796 3880 936 3964 agitatae
959 3880 1159 3964 aquilonibus
1182 3880 1304 3957 undae,

448 4000 521 4065 Huc
542 4000 636 4078 illuc,
659 4022 722 4084 qua
745 4001 839 4065 turbo
862 4001 964 4085 rapit,
990 4001 1058 4065 sine
1080 4021 1167 4065 more
1190 3999 1348 4064 feruntur.

450 4120 476 4186 0
500 4121 622 4205 patria,
648 4143 666 4185 0
689 4121 804 4204 ingens
828 4142 1018 4205 magnorum
1042 4121 1144 4205 gloria
1167 4141 1315 4198 avomm,

450 4241 616 4307 Virtutum
637 4244 768 4318 domus,
792 4241 939 4325 Europae
962 4242 1108 4305 mirantis
1132 4241 1247 4319 ocelle,

451 4361 643 4446 Improbitas
667 4383 729 4446 quo
755 4364 788 4426 te
811 4382 983 4446 paucorum
1006 4363 1121 4426 insana
1145 4359 1282 4444 redegit!

451 4479 503 4552 En
526 4505 667 4570 unquam
692 4483 824 4548 assiduis
848 4484 959 4548 misere
980 4484 1098 4547 iactata
1121 4481 1268 4566 procellis
