3362 5300
677 574 867 619 accressere.
1266 554 1325 616 127

217 763 292 818 raro
315 753 462 820 nectere
485 755 549 821 nisi
570 755 665 821 iuviti
689 757 810 842 aliquid
832 758 868 822 iu
891 756 1084 823 Neerlaudia
1106 754 1324 832 admirantem,

216 875 461 941 admirationem
488 879 697 961 extorqueat?
744 876 866 953 Quibus
888 878 925 943 in
947 878 1088 962 spatiosa
1110 877 1196 941 horti
1219 897 1325 940 amoe-

216 995 322 1060 nitate
351 998 443 1060 tauta
472 996 587 1061 florum
618 997 866 1083 herbarumque,
892 1021 931 1063 ex
952 1001 1022 1063 toto
1046 1019 1145 1082 prope
1169 1000 1326 1060 terrarum

216 1116 296 1179 orbe
318 1117 512 1202 conquisita,
538 1118 656 1183 anidet
679 1119 792 1203 copia?
838 1119 949 1186 Muses
972 1141 1077 1183 rerum
1101 1119 1324 1202 antiquarum,

216 1257 409 1315 uumorum,
434 1238 636 1322 pulchrarum
657 1239 792 1317 artium,
813 1238 1057 1316 Anatomicum‚
1077 1237 1323 1315 Nosocomium,

215 1378 281 1440 quo
305 1359 437 1426 oonsilio
461 1359 548 1424 fuere
571 1360 746 1425 instituta?

268 1481 350 1557 Quid
381 1481 513 1566 physica
535 1480 764 1558 instrumenta,
788 1482 866 1566 quid
889 1483 1023 1560 rustica,
1048 1475 1125 1567 quid
1149 1482 1325 1548 chemicum

216 1601 464 1678 laboratorium,
499 1601 577 1685 quid
612 1602 708 1666 turris
743 1602 949 1668 observandis
981 1602 1134 1668 sideribus
1165 1626 1250 1667 nuuc
1280 1604 1328 1667 ita

216 1726 351 1800 ornata,
384 1724 423 1786 ut
453 1722 565 1787 melius
594 1723 630 1786 in
661 1724 748 1787 coelo
780 1724 886 1788 videre
918 1747 1083 1808 uunquam
1106 1725 1326 1808 potuerimus?

217 1845 320 1910 Vobis
354 1843 462 1908 omnia
491 1843 554 1907 ista
584 1843 673 1908 fuere
703 1844 874 1923 instructa,
905 1845 996 1910 vobis
1026 1845 1087 1910 hoo
1116 1846 1212 1909 etiam
1241 1867 1327 1910 enno

216 1968 405 2030 conservata
437 1968 470 2028 et
498 1968 607 2030 aucta:
640 1965 804 2030 clarissimi
834 1968 869 2030 et
890 1966 1065 2032 doctissimi
1088 1967 1247 2042 homiues,
1272 1967 1327 2050 qui

217 2090 354 2172 regunt,
389 2085 512 2150 nullum
544 2086 685 2150 laborem
717 2085 897 2164 declinant,
929 2109 991 2171 quo
1023 2091 1160 2152 vestram
1188 2088 1329 2152 excitent

218 2208 372 2290 alantque
403 2205 545 2270 discendi
575 2205 793 2290 cupiditatem.
841 2207 929 2272 Haec
957 2209 1017 2273 etsi
1047 2231 1104 2292 per
1137 2231 1170 2272 se
1200 2208 1328 2293 singula

216 2331 285 2392 iam
316 2347 435 2411 magna
463 2327 546 2403 sint,
579 2327 696 2411 ingens
726 2328 847 2392 aceedit
878 2329 1021 2393 cumulus
1052 2328 1269 2406 Bibliotheca,
1292 2330 1328 2393 in

217 2471 317 2535 quam
349 2469 459 2512 omnes
491 2448 635 2512 omnium
667 2469 772 2511 rerum
802 2448 925 2514 fruetus
955 2451 1131 2514 confluunt.
1178 2450 1264 2526 Quae
1287 2451 1327 2515 li-

216 2571 351 2634 brorum
374 2569 532 2634 editorum
555 2567 747 2645 multitude,
771 2591 868 2654 quam
892 2570 979 2635 dives
1001 2570 1327 2656 manuscriptorum,

219 2692 424 2756 orientalium
447 2712 590 2775 quoque,
615 2693 723 2775 eopia!
759 2690 858 2766 Quale
881 2691 1024 2756 additum
1043 2692 1261 2757 Bibliothecae
1279 2692 1328 2756 vir

217 2813 275 2876 ille
307 2815 551 2888 ornamentum,
590 2812 678 2876 cuius
713 2812 820 2876 anima
851 2835 908 2896 per
938 2815 1026 2876 artus
1057 2813 1170 2877 diffusa
1201 2815 1326 2876 tantam

217 2935 336 2998 molem
359 2954 396 2996 eo
419 2932 552 2996 consilio
576 2954 613 2996 ao
635 2932 760 2997 ratione
783 2932 886 3016 agitat
908 2936 941 2998 et
964 2934 1143 3017 gubernat!

265 3053 355 3118 Haeo
385 3056 462 3118 sunt
491 3051 547 3116 illa
576 3052 662 3118 bona
692 3056 815 3130 vestra,
840 3075 921 3136 quae
946 3054 972 3118 si
995 3053 1046 3118 hie
1070 3055 1241 3130 noveritis,
1265 3055 1326 3138 ipsi

219 3175 417 3251 existimate,
441 3196 483 3238 au
507 3195 577 3258 spes
600 3176 721 3238 vestras
745 3177 778 3237 et
800 3174 946 3238 fortunas
965 3176 1050 3238 recte
1068 3174 1325 3257 praedicaverim.

216 3294 307 3360 Haec
338 3295 429 3359 vobis
460 3294 600 3359 fecimus.
647 3293 731 3369 Quid
759 3294 869 3372 nobie,
895 3294 972 3378 quid
994 3298 1117 3360 vestrae
1139 3296 1228 3361 laudi
1248 3295 1326 3360 feci-

218 3416 300 3480 stis?
334 3415 418 3480 Boni
441 3415 596 3480 consulite
617 3414 798 3479 libertatem
821 3437 939 3492 meam,
964 3419 997 3480 et
1018 3417 1117 3480 tacita
1140 3417 1328 3502 respondete

217 3537 431 3614 conscientia,
455 3536 574 3620 partim
600 3536 680 3600 mihi
703 3536 770 3619 ipse
789 3537 997 3620 respondebo.

266 3658 342 3723 Vidi
361 3657 511 3720 nimirum
531 3658 566 3721 in
586 3657 647 3722 hoc
665 3656 858 3741 Magistratu
878 3678 947 3722 meo
968 3658 1103 3722 multam
1114 3657 1325 3737 iudustriam,

218 3779 360 3844 discendi
395 3779 557 3854 ardorem,
592 3777 753 3862 profectus
787 3781 828 3842 ad
858 3777 957 3854 illud,
989 3781 1075 3862 quod
1104 3779 1165 3842 sibi
1194 3780 1326 3865 quisque

217 3898 401 3984 proposuit,
434 3898 587 3982 egregios.
623 3897 700 3964 Vidi
723 3898 852 3962 maiora.
890 3897 976 3962 Ortis
999 3898 1188 3982 quibusdam
1210 3899 1246 3962 iu
1269 3899 1326 3964 illa

217 4019 381 4106 republica
401 4022 507 4084 vestre
526 4019 664 4083 dissidiis
684 4019 730 4104 (et
749 4041 830 4103 quae
849 4018 1027 4102 respublica
1044 4043 1185 4104 unquam
1202 4021 1325 4086 caruit?

217 4141 401 4226 philosophi
424 4144 502 4205 adeo
526 4140 693 4225 disputant
713 4161 780 4204 esse
802 4140 926 4226 utilia),
952 4141 1031 4205 ortis
1053 4141 1154 4226 igitur
1173 4141 1324 4220 dissidiis,

224 4333 392 4344 --.---

252 4443 302 4492 Per
326 4445 395 4492 artes
417 4442 507 4508 diffusa
530 4438 637 4506 tauma)
673 4441 716 4490 Ed.
738 4456 775 4506 pr.
796 4457 838 4504 per
860 4445 923 4490 totos
944 4447 1014 4491 artur
1030 4441 1120 4508 diffusa
1137 4443 1326 4508 circumuapatur
