3338 5302
406 531 446 595 58
907 542 1015 595 ossum

403 732 527 800 minum
549 731 735 816 oognitione
758 733 853 796 111111
875 735 1070 796 remotarum
1093 753 1203 798 1111111
1223 733 1361 800 feliciter
1378 734 1514 822 indaga.
1634 773 1635 824 l

403 855 506 919 runt?
558 851 652 918 Nova
690 852 825 918 subinde
863 852 1013 917 videntur
1050 855 1184 918 naturae
1223 855 1386 920 miracula.
1433 855 1515 932 Quid

403 975 606 1038 astronomi?
629 973 762 1039 Movent
784 973 941 1038 aetherios
965 973 1074 1050 orbes,
1100 976 1152 1051 et,
1177 979 1214 1038 ut
1236 974 1373 1041 Tribuni
1395 977 1514 1042 milita·
1634 1011 1635 1022 ¹

403 1115 470 1171 res,
494 1096 691 1159 transversos
714 1094 911 1178 dimotosque
934 1094 1137 1177 planetarum
1169 1097 1202 1160 et
1233 1099 1431 1161 cometarum
1463 1119 1513 1162 or·

404 1214 493 1279 dines
515 1215 691 1280 instruunt.
733 1213 834 1279 Venit
856 1217 933 1279 ante
955 1213 1015 1279 hoo
1039 1213 1205 1282 biennium
1229 1238 1248 1280 e
1270 1217 1399 1282 nemine
1421 1221 1514 1283 untes

403 1336 488 1401 visus
517 1357 578 1400 1111
607 1335 805 1421 exspectatus
834 1334 870 1398 in
900 1336 1022 1399 eoelum
1052 1334 1176 1420 hospes.
1223 1334 1268 1401 Et
1291 1337 1343 1401 oui
1365 1338 1401 1402 in
1424 1363 1513 1404 men-

403 1459 468 1521 tem
501 1456 607 1535 venit,
640 1460 677 1520 ut
707 1455 841 1520 dieeret:
888 1454 973 1524 Huio
1004 1457 1133 1541 quidem
1165 1455 1316 1524 Comatae
1339 1483 1426 1527 nuno
1449 1484 1514 1526 non

404 1584 473 1646 erat
495 1579 592 1644 loeus.

448 1700 515 1766 Vos
545 1700 624 1764 mihi
654 1700 728 1764 dete
759 1699 916 1784 aliquem,
956 1722 1022 1766 non
1053 1701 1157 1785 qualis
1185 1723 1328 1785 unquam
1358 1701 1438 1780 fuit,
1462 1706 1540 1768 sed·

404 1821 507 1907 qualis
537 1820 619 1906 fingi
649 1820 766 1905 possit,
800 1843 901 1885 unum
933 1821 1078 1886 omnium
1108 1821 1204 1906 longe
1234 1822 1515 1906 pnrdentissirnum

404 1942 581 2008 mortelem.
628 1939 810 2009 Oonflemus
842 1961 880 2005 ex
913 1941 1042 2006 cerebro
1072 1944 1195 2026 septem
1218 1940 1368 2008 Graeciae
1389 1943 1515 2027 sapien-

404 2065 503 2141 tium,
528 2085 567 2127 ex
590 2062 717 2128 oerebro
742 2061 930 2147 Magorum,
955 2060 1298 2145 Gymnosophistnrum
1321 2066 1354 2127 et
1373 2064 1515 2128 omnium

404 2183 665 2269 philosophorum
685 2183 891 2268 sapientiam,
910 2185 1006 2267 atque
1025 2183 1060 2246 in
1084 2205 1185 2247 unum
1203 2182 1370 2248 hominem
1388 2189 1515 2257 eontin-

405 2305 527 2369 hamus.
574 2304 658 2369 Huic
689 2303 813 2370 homini
840 2305 867 2369 ai
889 2304 925 2369 in
947 2326 1064 2389 pauore
1087 2304 1181 2370 horas
1206 2305 1388 2389 proouratio
1411 2328 1515 2372 rerum

405 2426 617 2491 humanarum
647 2426 724 2490 olim
754 2425 867 2490 fuisset
895 2425 1032 2505 eredita,
1057 2447 1125 2490 non
1146 2426 1337 2492 haberemus
1360 2429 1515 2493 111111111-
1634 2441 1635 2454 ²

283 2579 287 2588 ·
406 2569 473 2612 rem
503 2545 683 2632 Europem‚
713 2548 819 2612 sedem
849 2545 966 2610 artium
988 2549 1021 2610 et
1043 2547 1303 2633 disciplinarum,
1327 2549 1433 2613 omnis
1455 2549 1514 2612 hm

406 2668 570 2734 munitatis
602 2668 804 2752 magistram,
839 2667 875 2730 in
908 2667 998 2732 ouius
1030 2668 1151 2752 gremio
1182 2668 1270 2733 oulta
1299 2668 1516 2734 sanstissimae

406 2791 569 2856 doetrinae
601 2789 710 2866 mdix,
742 2788 777 2852 in
808 2788 980 2872 spatiosam
1013 2789 1157 2853 arborem
1187 2789 1304 2866 erevit,
1328 2811 1410 2873 quae
1433 2790 1516 2855 dulei

406 2911 520 2976 umbra
543 2929 644 2996 genus
667 2910 844 2974 humanum
867 2908 995 2974 velabit

452 3031 590 3099 Utamur
619 3031 768 3109 ultimae,
800 3033 887 3115 quod
910 3031 1065 3116 reperias,
1089 3031 1260 3096 memoriae
1283 3032 1387 3116 primo
1409 3053 1514 3098 exem-

406 3156 471 3243 plo.
519 3155 651 3240 Sapiens
682 3175 787 3231 meus,
819 3152 1040 3220 misericordie
1070 3155 1207 3236 quadam
1238 3156 1419 3237 permotum,
1451 3175 1515 3218 ser·

407 3281 513 3343 resset
547 3277 641 3341 oredo
680 3275 838 3360 Assyrios.
884 3274 970 3342 Nam
1007 3294 1143 3359 regnum
1179 3271 1383 3359 Assyriorum
1418 3273 1516 3345 everti

407 3399 477 3461 erat
507 3387 653 3472 1111111111,Ι
671 3393 781 3458 Medos
811 3416 869 3478 per
896 3397 1024 3477 captam
1054 3393 1197 3459 Niniuen
1220 3393 1305 3459 ferro
1327 3393 1516 3478 flammaque
1631 3357 1632 3386 ¹

407 3518 544 3604 grassari
567 3515 707 3591 crudele,
730 3512 872 3582 infantes
896 3514 929 3576 11
951 3513 1085 3578 feminas
1111 3514 1212 3580 oooidi
1234 3514 1457 3580 inhumanum.

452 3638 515 3717 At,
552 3659 571 3703 o
601 3636 706 3713 bone,
737 3656 802 3700 una
832 3655 865 3698 se
896 3655 1038 3719 quaeque
1069 3635 1157 3700 natio
1190 3635 1274 3699 delet
1304 3635 1392 3719 ipse,
1424 3634 1516 3700 sirmii
1630 3677 1631 3702 l

408 3765 504 3847 atque
540 3781 597 3845 per
631 3757 765 3823 nimiam
803 3755 985 3841 potentiam
1015 3779 1035 3820 a
1066 3755 1160 3821 bonis
1191 3754 1331 3820 moribus
1359 3754 1514 3830 deflectit,

409 3905 468 3950 neo
489 3884 574 3947 stare
598 3884 713 3965 potest.
749 3877 820 3945 Nisi
843 3880 881 3942 tu
903 3900 1019 3963 equam
1042 3880 1126 3942 stare
1149 3877 1291 3962 postules
1315 3878 1348 3940 et
1367 3875 1403 3940 in
1424 3895 1517 3961 agros

410 4002 667 4069 eireumiaoentes
701 3998 794 4064 fundi
829 4001 935 4078 vetes,
971 3999 998 4064 si
1028 4019 1178 4084 aggerem
1209 3996 1381 4083 supererit.
1428 3995 1518 4064 limo
1629 3989 1630 3992 ¹

409 4148 509 4213 quum
543 4121 654 4209 populi
682 4118 804 4185 vicinos
834 4119 970 4203 populos
1001 4119 1120 4184 iniusto
1153 4117 1236 4184 bello
1268 4116 1517 4203 aggrediuntur,

409 4248 474 4316 suis
503 4244 565 4331 ipsi
593 4240 764 4328 nepotibus
792 4261 880 4304 arma
902 4239 1048 4306 inferunt
1072 4277 1112 4288 —
1137 4261 1236 4324 quum
1260 4237 1421 4324 spoliant,
1446 4257 1518 4303 suos
1628 4301 1629 4314 ,

411 4372 542 4457 nepotes
564 4365 658 4431 bonis
680 4368 818 4443 exuunt,
835 4402 875 4412 -
890 4384 989 4447 quum
1002 4361 1082 4427 dolis
1094 4358 1362 4438 circumveniunt,
1374 4378 1448 4426 suos
1462 4379 1518 4422 ne-

411 4497 501 4582 potes
531 4488 679 4556 {neudum
709 4485 829 4570 laqueis
858 4484 1020 4556 irretiunt.
1067 4481 1131 4549 Suu
1161 4481 1312 4560 11111111,
1342 4499 1400 4546 suo
1424 4479 1503 4548 luxu
