3362 5300
630 535 832 614 acoroaluss
1061 579 1064 586 ,
1221 550 1278 612 121

173 756 297 841 ditique
328 754 488 820 adiutores
519 749 722 818 Guicheritus
754 753 787 816 et
812 749 957 816 Eulerus.
1004 749 1119 825 Quales
1142 750 1281 835 discipu-

173 877 240 956 los,
273 877 329 942 diu
359 876 523 961 cognitos,
556 873 761 951 iudicaverit,
792 871 981 950 declaravit,
1013 892 1113 955 quum
1141 869 1282 936 Lexicon
1402 943 1404 948 ,

171 996 340 1082 Apollonii
362 996 530 1081 Sophistae
552 993 758 1059 Homericum
781 994 820 1058 iis
842 993 1017 1058 dedicabat.
1064 992 1184 1058 Tollius
1202 991 1281 1058 oui-

170 1119 316 1183 lielmum
339 1117 540 1182 Frederioum
562 1115 598 1180 in
619 1114 825 1181 Academiam
849 1117 974 1179 secutam
997 1116 1054 1179 est.
1102 1113 1203 1190 Quam
1225 1136 1282 1179 va-

172 1239 240 1304 rias
273 1238 457 1323 disciplinas
487 1235 619 1300 illustris
650 1235 832 1300 adolescens
854 1235 905 1299 vel
927 1235 1069 1300 hauserit
1090 1234 1141 1299 vel
1165 1236 1281 1321 attige-

173 1361 237 1438 rit3
262 1382 343 1444 quae
364 1360 431 1424 rita
453 1361 487 1422 ct
508 1379 629 1436 mores,
653 1357 724 1441 quis
742 1357 818 1422 iusti
837 1357 1024 1442 honestique
1043 1379 1153 1422 sensus
1171 1356 1282 1435 fuerit,

174 1481 346 1546 memoriae
375 1479 585 1564 prodiderunt
615 1477 814 1555 Tewatenrs,
845 1477 1040 1556 Keasselius,
1068 1479 1102 1541 et
1123 1477 1282 1554 Kluitius,

173 1603 231 1687 qui
263 1622 357 1686 saepe
388 1622 455 1665 non
487 1621 558 1664 cum
590 1599 705 1678 iurene
738 1600 793 1662 sed
816 1598 885 1662 viro
911 1620 1089 1663 sermonem
1113 1619 1145 1663 se
1168 1598 1284 1661 habere

174 1721 389 1788 existimabat.

218 1843 323 1920 Quum
353 1843 535 1908 'l‘ewaterus
567 1864 595 1905 a.
622 1840 728 1920 1790,
753 1843 792 1905 ut
813 1840 896 1920 dixi,
922 1843 1098 1907 orationem
1122 1841 1280 1916 habebat,

174 1964 353 2049 adspiciens
386 1961 639 2029 Gubernatorem
669 1966 791 2046 septem
822 1963 989 2047 regionum
1021 1963 1282 2041 haereditarium,

101 2123 103 2126 ·
175 2088 210 2151 et
240 2087 384 2149 sedentes
415 2085 456 2148 ad
487 2082 571 2148 latus
602 2085 772 2168 paternum
801 2082 903 2162 filios,
933 2083 1133 2170 intelligitis,
1163 2086 1285 2168 quanta

176 2206 322 2271 sedatum
355 2204 435 2268 illud
471 2206 504 2268 et
536 2203 639 2267 altum
671 2205 783 2288 pectus
820 2203 984 2268 efferretur
1016 2205 1159 2270 laetitia:
1195 2225 1284 2284 non,

180 2326 267 2411 quod
290 2326 415 2390 tantam
438 2325 515 2389 hino
538 2324 599 2389 sibi
623 2323 759 2409 gloriam
782 2327 935 2402 sumeret,
956 2347 1150 2410 quamquam
1169 2331 1285 2412 poten·

175 2447 260 2512 tium
283 2448 423 2512 virorum
445 2446 572 2510 laudem
594 2465 662 2512 non
685 2445 945 2530 adspernaretur,
966 2450 1022 2511 sed
1038 2448 1085 2512 ita
1104 2449 1284 2533 cogitabat,

179 2569 342 2634 doctrinas
376 2571 445 2632 tum
475 2567 612 2632 maxime
643 2566 770 2648 florere,
803 2568 846 2647 si,
878 2569 933 2654 qui
963 2570 1090 2654 populis
1117 2571 1284 2656 praesunt,

179 2713 234 2758 eas
264 2713 297 2755 se
319 2690 485 2755 aestimare
508 2689 553 2754 sic
576 2710 652 2773 prae
675 2711 709 2754 se
730 2689 848 2754 ferunt.
894 2689 956 2756 Sed
979 2691 1063 2756 idem
1086 2692 1284 2771 Tewaterus,

177 2833 237 2899 pro
267 2812 489 2878 incolumitate
518 2810 631 2875 domus
653 2808 844 2876 Arausiacae
866 2815 1030 2895 precatus,
1055 2814 1195 2897 cogitare
1217 2834 1286 2879 non

179 2933 304 3019 potuit,
327 2930 416 2996 brevi
439 2930 523 3009 fore,
552 2933 590 2994 ut
613 2932 675 2996 duo
699 2953 738 2996 ex
759 2930 939 2997 illustribus
962 2923 1179 3014 auditoribus,
1202 2936 1287 3020 iique

179 3054 216 3118 in
238 3053 349 3118 exsilio
372 3054 580 3116 morerentur.
624 3051 760 3132 Tristia,
785 3053 890 3118 tristia
911 3054 1164 3120 intervenerunt.
1199 3055 1288 3122 Nota

181 3175 278 3241 nimis
308 3177 357 3239 est
386 3173 538 3252 historia,
571 3176 604 3238 et
633 3173 765 3257 antiqua
795 3174 927 3239 vulnera
953 3175 1133 3260 linquemus
1155 3177 1287 3241 intacta.

182 3295 340 3380 Georgius
362 3295 449 3379 prius
473 3315 570 3377 quam
592 3297 684 3378 pater
705 3315 722 3357 e
741 3294 808 3359 vita
827 3295 978 3375 excessit,
999 3318 1086 3363 anno
1106 3297 1220 3362 aetatis
1241 3296 1289 3361 vi·

183 3417 305 3503 gesimo
327 3415 458 3500 quinto:
482 3415 537 3497 qui
559 3415 586 3480 si
608 3415 644 3479 in
667 3414 811 3499 sepulcro
836 3418 992 3483 maiorum
1016 3418 1192 3505 Delphensi
1212 3443 1290 3486 con·

185 3538 271 3603 ditus
302 3537 433 3615 iaceret,
457 3539 537 3620 quot
559 3535 627 3600 lilia
651 3538 683 3601 et
705 3557 880 3622 purpureos
903 3538 996 3605 flores
1019 3541 1122 3626 plenis
1144 3543 1291 3608 manibus

186 3660 425 3725 accumularent
459 3679 590 3738 omnes,
633 3658 689 3742 qui
723 3658 856 3724 alteram
888 3661 978 3726 illam
1013 3665 1047 3726 et
1080 3662 1292 3729 dulcissimam

187 3803 274 3865 spem
305 3781 428 3866 patriae
451 3781 679 3865 cognoverunt.
727 3779 813 3845 Situs
835 3785 884 3846 est
906 3783 1017 3866 procul
1041 3807 1060 3849 a
1083 3785 1206 3870 patria,
1230 3785 1292 3850 Pa-

187 3901 275 3966 tavii.
324 3901 415 3977 Quod
444 3922 629 3986 possumus,
660 3901 801 3966 nobilem
832 3901 973 3968 animam
1003 3904 1064 3970 hoc
1087 3906 1200 3971 saltem
1222 3930 1292 3972 mu·

189 4046 264 4089 nere
299 4025 500 4102 ornabimus,
532 4026 570 4087 ut
600 4022 685 4088 tristi
715 4042 793 4088 voce
822 4045 880 4108 per
902 4024 961 4090 hos
987 4025 1149 4092 Leidensis
1170 4027 1294 4094 Acade-

191 4146 271 4210 miae
301 4144 437 4230 parietes
460 4145 626 4219 testemur,
651 4141 773 4226 priscae
794 4143 923 4227 pietatis
946 4147 979 4209 et
1000 4145 1074 4211 fidei
1095 4147 1296 4233 invictaeque

191 4266 273 4332 bello
306 4268 452 4331 dexterae
482 4263 667 4330 memoriam
697 4266 842 4329 nondum
872 4287 910 4330 ex
941 4267 1056 4332 animis
1086 4271 1204 4335 nostris
1231 4291 1297 4335 esse

202 4433 377 4449 m

225 4534 298 4585 Prius
313 4551 384 4600 quam
395 4539 469 4600 parer
484 4552 497 4586 e
514 4536 565 4585 cita
582 4536 691 4599 emate)
725 4536 769 4588 ΕΔ.
785 4551 824 4601 pr.
834 4539 930 4600 patrem
942 4537 1055 4601 eradat.
