3362 5296
385 539 446 602 lea
746 564 851 610 101011
870 563 991 608 01011011
1010 563 1141 610 orcarum

456 749 539 818 Solis
562 748 603 812 ab
625 768 739 813 occasu
762 747 934 813 volitantes
957 747 1032 813 solis
1056 749 1245 826 adortum,

546 866 728 934 Hollandae
753 871 943 953 expandunt
965 868 1100 933 candida
1122 869 1193 933 vela
1216 871 1310 934 rates.

456 990 615 1056 Mercibus
639 991 672 1054 et
694 989 784 1054 fluvii
808 991 840 1052 et
863 989 963 1053 maria
984 989 1180 1075 ingemuere.
1226 990 1346 1056 Beatus

545 1110 690 1176 Amstela
713 1110 750 1175 in
772 1109 916 1175 auriferis
938 1110 1025 1190 ibat,
1049 1113 1088 1175 ut
1109 1111 1264 1192 Hormus,
1289 1113 1390 1198 aquis.

458 1234 545 1300 Gens
566 1233 661 1298 undis
682 1231 814 1310 innata,
838 1231 928 1297 ferox
950 1236 1154 1298 contemnere
1175 1234 1306 1312 ventos,

549 1351 608 1419 Oui
631 1375 688 1417 sua
712 1352 803 1419 navis
827 1355 896 1416 0101
918 1353 1036 1438 patria,
1061 1353 1173 1438 cuique
1195 1357 1327 1421 domus:

458 1476 577 1543 Oceani
603 1475 690 1538 haud
713 1474 820 1559 potuit
842 1475 1009 1539 mortalem
1034 1474 1116 1540 ferre
1138 1477 1324 1560 tyrannum.

547 1596 693 1660 libertas
716 1595 775 1659 tali
797 1596 924 1661 vindice
945 1598 1017 1661 tuta
1041 1596 1140 1662 010111.

455 1717 601 1786 Invidiae
626 1716 755 1781 fuimns.
802 1717 900 1802 Regis
924 1720 963 1782 de
985 1715 1088 1782 caede
1102 1720 1266 1784 madentes

548 1837 753 1904 Cromwcllae
777 1838 936 1922 arripiunt
958 1841 1083 1922 sceptra
1104 1838 1262 1904 Britanna
1285 1863 1408 1907 manus.

458 1961 540 2037 Quid
562 1960 700 2046 patriam
722 1959 836 2024 infelix
859 1959 1021 2025 Hollando
1044 1961 1137 2026 litore
1160 1967 1281 2041 mutas,

547 2080 650 2167 Stirpi
674 2079 801 2146 Caroli?
847 2079 935 2146 Hinc
958 2083 1021 2146 alio
1044 2084 1154 2147 traiice
1178 2085 1248 2148 vela
1272 2087 1337 2150 tua.

456 2204 595 2282 lbaiice,
620 2203 647 2268 si
669 2206 773 2287 pudor
796 2205 861 2281 est,
886 2203 948 2267 alio
971 2205 1028 2268 tua
1049 2204 1160 2270 traiice
1183 2206 1263 2271 vela.

545 2323 620 2389 Heu
641 2326 763 2408 quanto
788 2324 887 2388 stabit
910 2323 1066 2410 sanguine
1088 2329 1200 2391 nostra
1221 2325 1316 2393 fides!

458 2445 535 2524 Sed,
552 2447 646 2530 puto,
667 2447 778 2530 gratiis
798 2445 874 2523 eris,
894 2445 990 2511 liccat
1008 2449 1112 2511 modo.
1137 2445 1182 2511 Et
1197 2446 1254 2512 illa
1273 2451 1442 2534 rependes,

524 2637 526 2643 ,
546 2565 688 2631 Plurima
711 2566 928 2650 praestitimus
951 2589 1032 2651 qnae
1055 2567 1221 2634 benefacta
1244 2569 1315 2634 tibi.

346 2749 349 2756 1
456 2687 584 2754 Scilicet
605 2690 642 2750 ut
665 2708 812 2771 serpens,
837 2685 906 2750 diro
930 2710 1025 2772 quem
1047 2688 1165 2774 frigore
1188 2691 1310 2755 laesum

547 2808 685 2874 Sustulit
708 2830 727 2873 a
749 2808 854 2894 gelida
876 2808 959 2873 forte
981 2809 1085 2874 viator
1106 2810 1213 2875 humo.

454 2929 555 3006 Quam
578 2930 690 2995 melius
713 2931 834 3014 patrios
858 2931 1023 3013 sparsisses
1045 2932 1201 3016 sangnine
1224 2933 1348 3012 vultus,

544 3052 684 3117 Victima
707 3051 830 3136 plebeio
853 3055 975 3116 moesta
997 3052 1104 3116 furore
1128 3055 1262 3118 cadens!

452 3173 528 3240 Non
555 3176 587 3238 10
609 3174 779 3258 posteritas
801 3173 915 3237 infami
937 3153 1010 3238 labe
1033 3178 1169 3240 notaret.

544 3295 633 3358 Haec
655 3295 750 3359 iudex
774 3295 870 3359 etiam
894 3296 1021 3381 regibus
1044 3319 1144 3381 aequa
1164 3298 1262 3362 venit.

453 3413 646 3491 Incolumis,
670 3413 800 3479 Scotum
823 3417 867 3479 sie
889 3417 922 3480 te
945 3416 1076 3482 fortuna
1098 3418 1264 3503 probavit,

542 3534 731 3619 Hospitibus
754 3534 874 3600 bellum
897 3537 1063 3623 tristiaque
1087 3560 1175 3604 arma
1197 3562 1301 3624 paras.

452 3655 520 3732 Quo
539 3659 571 3722 10
591 3680 698 3735 mens,
720 3655 849 3735 Sarole,
869 3657 1049 3724 Hollandac
1067 3661 1154 3745 rapit
1172 3664 1297 3727 aemula
1317 3663 1433 3729 sortis?

541 3779 693 3864 Impietas
717 3791 835 3864 magno
859 3803 925 3845 non
948 3781 1054 3865 placet
1075 3782 1138 3847 1010
1160 3781 1237 3846 ])00.

451 3899 519 3965 Scit
535 3922 635 3978 marc,
653 3903 739 3984 quod
755 3900 873 3966 tabulis
891 3903 986 3985 atque
1002 3901 1112 3988 Anglo
1129 3904 1287 3989 sanguine
1304 3907 1438 3986 tectum,

539 4020 608 4085 Iam
633 4023 747 4104 quarto
770 4021 851 4085 vidit
874 4045 930 4088 vos
953 4024 1067 4088 abiisse
1091 4026 1150 4090 die.

450 4141 501 4207 En
525 4141 621 4206 etiam
644 4141 766 4207 subitae
789 4142 897 4208 lucent
919 4144 1067 4210 incendia
1090 4147 1256 4213 flammas:

542 4263 586 4328 Et
611 4263 677 4327 nuit
699 4263 733 4326 in
757 4264 876 4329 cineres
898 4264 990 4330 foeda
1014 4266 1193 4333 Gomorrha
1216 4293 1298 4336 suos.

449 4385 646 4471 Supplicium
670 4406 774 4467 poena
798 4388 964 4452 cumulant
987 4388 1122 4454 coeleste
1145 4391 1276 4456 Batavi:

538 4507 583 4572 Et
604 4504 777 4571 Thamasin
800 4505 907 4572 fractis
931 4510 1079 4576 cornibus
1103 4512 1149 4577 iro
1171 4513 1294 4579 iubent.
