3362 5296
412 563 471 626 160

898 578 1030 624 clamat

504 763 634 830 Excidit
655 763 717 828 ista
740 761 855 827 animis
878 760 984 826 subito
1019 760 1187 826 clementia
1209 760 1296 826 diris.

545 885 616 952 Ah!
640 887 751 972 pereat
774 882 903 950 Gallum
926 882 1069 969 quisquis
1092 904 1197 946 amare
1220 884 1336 967 potest.

500 1008 547 1075 At
574 1031 630 1074 vos
652 1007 863 1073 Woerdenses
886 1005 1021 1090 indigna
1044 1005 1137 1068 caede
1159 1003 1310 1088 peremti,

546 1129 737 1214 Exemplum
760 1131 919 1193 extremae
941 1125 1045 1190 flebile
1067 1125 1233 1203 saevitiae,

501 1251 661 1330 Gaudete,
686 1253 719 1315 et
741 1249 819 1316 tutis
842 1248 967 1333 placide
989 1246 1174 1332 requiescite
1197 1246 1233 1326 in
1255 1246 1359 1323 urnis,

546 1371 683 1438 Inferias
707 1371 796 1436 vobis
819 1368 949 1454 Belgica
971 1370 1041 1433 tcta
1062 1370 1164 1452 parat.

501 1493 578 1561 Non
605 1491 683 1556 fletu
706 1493 763 1555 aut
787 1489 935 1576 lacrymis
956 1490 1115 1554 tumulata
1138 1488 1312 1575 rigabimus
1334 1510 1423 1566 ossa,

546 1613 624 1679 Tala
647 1612 828 1697 seprdcrum
850 1610 929 1675 alias
951 1609 1094 1694 postulat
1115 1607 1255 1674 inferias.

501 1735 587 1802 Ense
617 1737 851 1822 parentandum
873 1735 937 1812 est,
962 1730 1071 1797 Gallos
1093 1730 1309 1816 iugulabimus
1332 1751 1423 1808 ense,

546 1856 699 1940 Iustaque
721 1853 832 1920 Gallus
855 1856 950 1918 erunt
973 1837 1131 1919 nobiliore
1153 1872 1255 1916 cruor.

501 1977 583 2044 Ecce
612 1999 693 2041 unus
716 1976 827 2060 populi
849 1975 924 2040 ferit
947 1996 1041 2039 aurea
1063 1973 1165 2038 sidera
1187 1973 1323 2051 clamor,

467 2194 469 2199 Ι
535 2098 707 2165 Vindictae
733 2084 952 2163 cunctesuna
976 2096 1091 2180 cupido
1114 2097 1212 2160 tenet.

505 2220 604 2286 Arma
627 2222 744 2305 petunt
766 2218 912 2296 iuvenes,
936 2217 1026 2282 nullo
1050 2220 1201 2303 cogente,
1225 2216 1424 2302 frequentes,

548 2339 665 2420 Arma,
690 2340 751 2406 viri
773 2340 931 2417 clamant,
956 2338 1074 2404 clamat
1096 2341 1146 2417 et,
1170 2360 1276 2418 arma,
1301 2360 1406 2404 senex.

942 2551 983 2617 V.

481 2705 661 2771 Monstrum
683 2703 891 2781 horrendum,
916 2702 1062 2789 Europae
1084 2703 1173 2767 omni
1195 2702 1310 2781 fatale,
1330 2701 1469 2768 Batavae

482 2827 641 2892 Pernicies
664 2828 786 2912 gentis,
810 2847 929 2890 nomen
951 2826 1020 2890 sine
1044 2825 1190 2891 nomine!
1237 2825 1322 2891 Nam
1344 2848 1438 2911 quem

481 2949 526 3014 Te
549 2949 668 3027 dicem,
692 2951 749 3034 qui
771 2951 804 3012 te
828 2948 1007 3032 appellem?
1053 2946 1187 3013 Crudele
1209 2949 1341 3032 tyranni

478 3069 688 3156 Exemplum,
711 3069 825 3134 Furiae
847 3073 948 3134 terras
970 3070 1128 3135 vastantis
1149 3070 1272 3156 imago,

479 3191 611 3269 Bcllua,
635 3214 716 3275 quae
738 3195 864 3257 nostras
889 3191 1015 3256 crevisti
1037 3194 1130 3274 pasta
1151 3190 1321 3269 medullas,

478 3312 522 3377 Et
548 3314 658 3375 tamen
680 3312 792 3376 irrides
815 3312 903 3376 lento
927 3312 1012 3376 mala
1036 3314 1146 3377 nostra
1168 3311 1284 3376 furora.

479 3432 506 3497 Ο
530 3432 655 3496 utinam
677 3453 747 3496 mea
770 3433 867 3496 rerba
889 3436 961 3497 tuas
983 3434 1143 3499 ferrantur
1166 3436 1207 3498 ad
1231 3437 1340 3500 auras!

478 3553 593 3619 Libera
619 3576 705 3619 nunc
728 3553 867 3638 primum
890 3557 987 3638 atque
1010 3555 1118 3619 odium
1141 3555 1297 3639 spirantia
1318 3556 1447 3623 iustum.

478 3675 574 3740 Haud
602 3677 747 3762 equidem
769 3676 884 3761 ignoro
907 3675 1011 3740 verbis
1034 3697 1101 3739 non
1123 3698 1215 3760 posse
1237 3677 1357 3741 moveri

478 3795 541 3862 (lor
563 3797 660 3875 illud,
683 3797 801 3882 triplici
824 3798 910 3882 quod
933 3800 998 3863 stat
1021 3797 1081 3862 tibi
1102 3797 1215 3864 robore
1239 3798 1396 3876 cinctum3

478 3916 540 3983 Sed
563 3940 660 4000 quum
683 3921 720 3981 tu
742 3920 793 3982 tot
814 3918 902 3982 mille
923 3919 1086 3996 homines,
1109 3919 1178 3984 siue
1200 3920 1285 3998 iure,
1313 3924 1446 3986 cruenta

478 4036 656 4102 Perdideris
679 4037 822 4116 feritate,
845 4038 914 4102 leve
936 4043 984 4103 est
1006 4039 1085 4103 mihi
1107 4044 1238 4125 perdere
1261 4042 1366 4106 verba.

478 4156 587 4233 Qualis
608 4156 644 4221 in
667 4157 799 4223 obscuro
824 4159 921 4222 latuit
942 4159 997 4243 qui
1019 4182 1143 4226 carcere
1164 4183 1271 4227 servus

477 4279 656 4357 Innocens,
680 4278 780 4364 longo
802 4281 877 4364 post
899 4281 1041 4365 tampore
1064 4283 1145 4347 liber
1166 4284 1202 4348 in
1225 4306 1317 4349 auras

478 4399 639 4477 Mittitur,
663 4401 696 4463 et
716 4402 822 4464 totum
845 4401 986 4466 mulcent
1009 4424 1091 4467 nova
1113 4406 1231 4490 gaudia
1253 4407 1382 4490 pectus;

478 4522 531 4594 Sic
552 4519 651 4587 oculis
673 4521 727 4588 rix
751 4521 843 4589 credo
867 4523 963 4603 meis,
988 4524 1033 4590 sic
1054 4530 1172 4594 cuncta
1194 4528 1344 4594 ridentur

673 4705 874 4823 f*
