3338 5302
386 549 426 615 18
883 564 991 618 aalma

430 751 585 816 Maiorem
615 751 757 838 Borgero
786 754 822 817 in
850 755 939 818 omni
962 755 1029 819 vita
1052 753 1187 839 gloriam
1211 751 1383 837 contigisse
1405 753 1491 817 arbi·

386 876 456 936 tror
477 872 609 936 nullam.
655 871 875 938 Honorificum
899 877 948 938 111
970 877 1003 938 11
1025 874 1203 958 singulare,
1229 873 1256 937 11
1274 874 1438 951 merearis,
1455 874 1491 938 in

386 995 464 1076 toga
485 992 632 1061 Leidensi
654 995 781 1078 prodire
801 1033 841 1042 -—
861 1015 958 1080 grave
981 997 1014 1059 et
1037 995 1235 1078 praeclarum
1257 1016 1361 1059 sacras
1383 994 1491 1058 literas

386 1112 543 1197 explicare
579 1153 619 1162 -
649 1115 840 1181 immensum
870 1118 903 1181 11
933 1137 1033 1200 prope
1065 1115 1209 1180 divinum
1239 1113 1490 1199 Wyttenbachio

387 1237 564 1313 succedere,
593 1238 631 1298 ut
652 1223 814 1320 Borgerus
836 1234 1001 1314 suecessit,
1026 1235 1174 1300 iuvenem
1197 1234 1281 1313 seni,
1304 1235 1490 1319 theologum

386 1354 522 1420 literato.
568 1355 674 1418 Tanta
707 1355 743 1419 in
773 1376 810 1421 eo
840 1377 911 1440 spes
940 1356 1171 1440 reponebatur,
1204 1360 1259 1434 ut,
1290 1377 1363 1420 cum
1393 1355 1490 1439 vulgo

385 1476 491 1561 plures
512 1476 631 1560 requiri
654 1475 863 1560 putabamus,
887 1477 943 1561 qui
966 1475 1085 1540 famam
1108 1477 1271 1541 doctrinae
1294 1476 1490 1560 Wyttenba·

385 1595 518 1660 chianae
549 1600 732 1675 tuerentur,
764 1597 819 1662 ille
841 1598 925 1662 solus
949 1620 968 1661 1
992 1595 1198 1662 Ouratoribus
1221 1597 1412 1662 Academiae
1433 1619 1492 1680 par

385 1719 478 1780 tanto
493 1717 583 1781 oneri
601 1717 777 1782 duceretm.
807 1717 919 1802 Neque
937 1739 989 1782 cos
1006 1716 1121 1782 fefellit
1137 1739 1196 1782 1111
1214 1716 1347 1802 Borgeri
1365 1717 1490 1802 opinio,

385 1857 452 1901 non
475 1837 577 1921 magis
600 1859 696 1921 quam
719 1837 872 1904 Senatum
895 1837 1077 1903 Romanum
1100 1837 1179 1904 (11111
1201 1839 1365 1922 Pompeii,
1397 1861 1490 1923 quem

385 1955 421 2022 L.
452 1958 621 2045 Philippus
652 1981 686 2024 11
717 1981 774 2024 aua
804 1958 964 2024 sententia
994 1979 1060 2023 non
1090 1979 1149 2043 pro
1179 1957 1327 2037 consule,
1357 1959 1411 2024 sed
1433 1979 1490 2043 pro

384 2081 568 2147 consulibus
591 2085 632 2146 ad
655 2080 775 2146 bellum
797 2080 1126 2146 formidolosissimum
1148 2080 1275 2145 mittere
1298 2080 1388 2144 dixit.

430 2199 506 2266 Non
541 2206 606 2280 est,
642 2205 727 2287 quod
762 2202 930 2279 miremur,
963 2201 1060 2265 talem
1090 2223 1126 2266 ac
1155 2204 1285 2266 tantum
1314 2200 1490 2284 Borgerum

386 2322 526 2386 sodalem
556 2320 703 2387 Instituti
732 2322 827 2406 Regii
857 2322 1001 2386 omnium
1031 2322 1189 2406 suffragiis
1218 2322 1314 2388 fuisse
1343 2323 1489 2405 designa·

386 2446 473 2521 tum,
497 2442 593 2526 idque
615 2443 737 2526 Regem
760 2442 870 2508 fecisse
892 2445 1017 2520 ratum,
1043 2446 1076 2508 11
1099 2442 1176 2508 alias
1196 2445 1313 2508 artium
1330 2443 1489 2508 doctrina·

385 2584 518 2647 rumque
553 2565 744 2627 tuendarum
780 2563 963 2640 societates,
999 2562 1256 2641 Harlemensem‚
1288 2563 1489 2639 Leidensem,

380 2679 630 2748 -Ultraieetinam
654 2687 686 2747 11
709 2683 912 2748 Zelandieam
934 2707 1006 2749 eum
1028 2685 1063 2747 in
1086 2684 1257 2768 collegium
1279 2687 1453 2768 cooptasse.

430 2804 565 2869 Habetis
599 2805 773 2888 imaginem
807 2805 892 2870 vitae
927 2804 1060 2892 Borgeri
1093 2800 1255 2890 publicae,
1291 2807 1358 2868 tem
1392 2803 1491 2869 felicis

384 2930 513 3011 tamque
542 2925 734 3003 honoratae,
766 2928 803 2989 ut
833 2926 917 2990 votis
940 2925 1037 2990 etiam
1059 2924 1254 3010 cupidissimi
1278 2924 1418 2988 hominis
1440 2945 1489 2988 rc-

383 3049 539 3134 spondere
563 3047 727 3133 potuisset.
763 3045 992 3112 11111111
1015 3047 1077 3112 sibi
1099 3046 1258 3110 industria
1282 3045 1489 3129 doctrinaque

382 3170 576 3256 ipse'finxit2
611 3163 612 3168 ¹

426 3290 475 3356 De
505 3291 663 3354 industria
686 3291 805 3367 dicere,
830 3294 863 3353 et
886 3309 1033 3368 narrare,
1058 3293 1217 3374 quomodo
1241 3285 1321 3355 alius
1346 3289 1394 3353 sol
1417 3309 1488 3354 eum

379 3413 470 3499 operi
497 3432 554 3476 suo
576 3411 739 3475 intentum
762 3431 856 3494 saepe
880 3413 1090 3494 oppresserit,
1116 3411 1199 3476 nihil
1223 3412 1351 3475 attinet.
1397 3410 1489 3476 Hanc

382 3534 478 3599 1111111
509 3533 678 3610 maiorem,
704 3553 799 3616 quam
822 3532 970 3597 valetudo
993 3533 1108 3610 ferret,
1133 3531 1283 3598 nonnulli
1305 3533 1489 3616 opinantur.

381 3654 443 3721 Sed
473 3655 508 3718 hi
539 3659 595 3720 aut
626 3654 843 3720 valetudinem
873 3653 1006 3739 Borgeri
1036 3677 1095 3719 sua
1126 3655 1320 3732 metiuntur,
1353 3657 1409 3718 aut
1430 3674 1489 3738 ego

380 3774 485 3839 fallor.
525 3775 584 3842 sic
619 3769 705 3840 enim
736 3774 891 3852 arbitror,
923 3775 1080 3853 laborem,
1113 3797 1207 3859 quem
1238 3775 1318 3859 quis‘
1340 3774 1489 3838 discendo

380 3897 518 3961 iucunde
548 3898 581 3960 11
611 3893 704 3960 facile
733 3895 914 3980 impendat,
946 3896 1100 3962 varietate
1130 3898 1324 3973 recreatum,
1348 3898 1486 3959 1111111-

381 4038 547 4101 nunquam
577 4011 812 4093 intermissum,
836 4037 904 4080 non
926 4017 1076 4082 laborem·
1090 4037 1174 4094 1111,
1200 4017 1254 4080 sed
1276 4016 1485 4099 voluptatem.

379 4137 426 4203 Ut
449 4141 485 4204 ut
508 4141 572 4216 111,
597 4137 731 4222 Borgeri
753 4138 912 4203 industria
934 4141 1019 4203 certe
1042 4138 1105 4202 fuit
1124 4139 1279 4213 maxima,
1309 4140 1342 4202 et
1366 4157 1486 4220 eogno-

380 4261 477 4325 ecitur
500 4283 537 4326 ex
562 4260 708 4323 doctrina
731 4260 823 4343 quasi
845 4259 939 4324 arbor
962 4281 1001 4323 ex
1023 4258 1189 4324 fructibus.

373 4407 376 4414 ¹
424 4381 485 4447 Sed
517 4379 706 4445 doctrinam·
726 4379 859 4464 Borgeri
892 4402 991 4464 quum
1014 4381 1229 4464 contemplor,
1254 4380 1290 4443 in
1312 4382 1405 4444 tanta
1429 4401 1486 4446 va-

373 4497 490 4575 rietate
520 4505 718 4578 accuratam,
748 4501 982 4585 magnitudine
1002 4502 1179 4586 insignem,
1212 4521 1270 4584 pro
1302 4505 1408 4566 aetate
1430 4502 1483 4566 in·
