3362 5300
411 541 470 612 132
914 565 1021 610 osane

411 752 571 837 quaerunt
593 770 711 814 omnes.
758 747 858 813 Nulla
880 746 1001 811 scilicet
1022 746 1058 810 in
1081 767 1118 810 eo
1138 748 1514 835 conspiciebatu1,·quod

411 871 480 935 fieri
504 873 607 946 amat,
631 869 687 934 ubi
710 868 853 934 homines
876 868 948 951 plus
971 869 1065 943 sunt,
1089 888 1185 950 quam
1204 867 1362 933 videntur.
1396 868 1511 945 Quam·

407 1013 507 1074 ‘quam
539 990 654 1054 alterni
679 1010 821 1074 gressus,
849 1009 946 1073 quos,
969 988 1083 1052 baculo
1107 987 1217 1066 nixus,
1240 988 1417 1054 incedendo
1441 993 1511 1054 ten·

411 1111 520 1187 tabat,
551 1110 739 1174 beneficium
769 1108 979 1174 Neerlandiae
1001 1109 1161 1174 redditum
1183 1111 1396 1185 testarentur,
1422 1132 1511 1175 nemo

411 1254 450 1296 ex
472 1232 534 1295 isto
557 1251 611 1294 ore
632 1251 760 1294 calisam
785 1227 957 1294 debilitatis
981 1227 1111 1293 audivit.
1158 1228 1256 1294 Plura
1278 1229 1317 1294 de
1339 1228 1509 1295 thcwalo

411 1351 494 1427 dixi,
529 1371 625 1433 quam
654 1348 749 1414 initio
772 1347 932 1432 proposui.
979 1347 1065 1412 Nam
1086 1347 1166 1413 liber
1189 1347 1381 1413 Therbeckii
1405 1350 1509 1414 estin

410 1471 554 1536 omnium
577 1468 742 1544 manibus,
765 1467 867 1533 multa
889 1467 1025 1550 scriptus
1052 1467 1220 1551 elegantia.
1268 1467 1381 1552 Imago
1405 1473 1509 1534 autem

411 1593 444 1655 et
473 1589 668 1655 consuetudo
700 1589 744 1652 sic
776 1609 922 1672 expressa
953 1589 1043 1664 sunt,
1072 1589 1109 1651 ut
1130 1587 1190 1650 filii
1211 1610 1318 1653 secum
1340 1589 1376 1654 in
1400 1589 1509 1654 solitu-

410 1710 485 1775 dine
513 1710 672 1792 legentes,
705 1711 830 1793 patrem
861 1708 966 1784 etiam,
987 1706 1095 1780 vivum
1123 1711 1198 1774 ante
1220 1709 1329 1774 cordos
1352 1709 1511 1790 sedentem

410 1851 442 1894 ee
465 1829 525 1913 ipsi
549 1828 709 1912 adspicere
731 1829 891 1911 putarent.
932 1827 1045 1912 Neque
1068 1827 1175 1892 miror.
1199 1827 1295 1894 ¹Nam
1318 1829 1354 1894 in
1374 1851 1410 1894 ao
1430 1830 1509 1894 libro

408 1950 531 2033 etipse
559 1948 764 2012 thewalum
787 1947 923 2031 agnovi,
946 1947 1001 2033 qm'
1024 1969 1106 2010 unus
1130 1947 1177 2013 fui
1199 1969 1238 2012 ex
1261 1949 1388 2026 amicis,
1411 1971 1509 2032 quos,

409 2069 520 2134 morbo
551 2089 737 2152 oppressus,
769 2089 868 2152 quum
891 2066 1008 2130 mentis
1031 2087 1160 2151 compos
1183 2071 1216 2132 et
1238 2089 1387 2152 praesens
1409 2090 1511 2135 more-

409 2191 512 2266 retur,
543 2192 719 2253 extremum
750 2188 882 2254 salutari
912 2188 1085 2264 mandavit.
1132 2188 1182 2252 Tu
1205 2210 1348 2273 quoque,
1372 2191 1458 2256 bona
1480 2193 1513 2255 et

405 2310 464 2393 pia
493 2309 617 2386 anima,
648 2331 666 2371 a
696 2309 788 2373 nobis
820 2330 878 2374 ave
911 2311 1006 2393 atque
1036 2310 1115 2373 vale.
1160 2307 1335 2392 Sequemur
1365 2314 1416 2388 te,
1448 2330 1509 2396 quo

409 2429 522 2494 ordine
552 2427 618 2494 Deo
643 2429 703 2494 erit
726 2430 838 2494 visum.
885 2428 1012 2496 Interea
1033 2450 1153 2514 magna
1175 2431 1410 2513 perseverantia
1433 2451 1510 2495 con-

408 2550 591 2625 tendemus,
623 2570 680 2626 nc,
712 2549 804 2624 sicuti
836 2551 872 2614 tu
902 2569 970 2613 non
998 2547 1116 2614 frustra
1146 2549 1270 2627 vixisti,
1295 2553 1328 2622 et
1351 2569 1411 2618 nos
1434 2551 1511 2616 olim

404 2690 476 2742 ¹non
498 2668 617 2734 frustra
639 2669 754 2734 vixisse
776 2670 927 2736 dicamur.

435 2788 557 2859 ¹Huius
588 2790 704 2867 animi,
727 2811 800 2868 vos,
824 2791 938 2875 optimi
962 2791 1194 2868 adolescentes,
1220 2795 1253 2857 ct
1274 2793 1327 2858 hie
1350 2794 1439 2858 eritis
1463 2797 1511 2858 te-

408 2913 489 2986 stes,
521 2910 635 2975 deinde
665 2910 727 2994 ipsi
749 2910 954 2986 documenta,
978 2933 1074 2994 quum
1101 2915 1340 2996 praeceptorum
1363 2915 1512 2996 ,vitaeque

407 3032 443 3096 in
464 3028 646 3104 ,Academia
676 3031 854 3094 transactae
885 3031 1069 3096 memoriam
1092 3034 1185 3115 grato
1208 3053 1354 3097 sermone
1376 3052 1511 3117 usurpa·

407 3151 493 3216 bitis.
540 3149 600 3224 Qui
630 3152 727 3214 testes
756 3150 848 3226 estis,
880 3152 1005 3215 manete
1034 3151 1130 3218 iidem
1161 3152 1336 3230 adiutores,
1370 3157 1403 3218 et
1425 3155 1514 3237 quod

407 3270 542 3344 fecistis,
575 3267 678 3346 facere
708 3291 749 3333 ne
780 3271 908 3334 cessate.
955 3270 1097 3336 Primum
1130 3294 1166 3336 ac
1197 3273 1402 3356 praecipuum
1431 3277 1513 3350 fuit,

408 3395 469 3484 ut,
494 3389 583 3456 cuius
615 3388 800 3471 disciplinae
824 3411 918 3454 causa
940 3389 1074 3476 quisque
1096 3392 1200 3469 venit,
1225 3391 1321 3480 huius
1343 3395 1513 3464 addiscen-

408 3514 466 3577 dae
489 3509 573 3574 viam
596 3510 628 3572 et
648 3507 805 3584 rationem
828 3509 964 3594 impiger
988 3513 1020 3574 et
1037 3511 1212 3582 laboriosus
1232 3517 1425 3601 sequeretur.
1450 3515 1514 3592 Qui

406 3633 567 3716 praeterea
597 3629 673 3694 satis
705 3628 804 3694 animi
834 3631 866 3693 et
896 3629 1064 3713 probitatis
1094 3631 1291 3710 habuerunt,
1323 3636 1377 3712 ut,
1402 3639 1513 3720 spreto

439 3927 508 3976 Iader
534 3929 681 3991 Thermai)
716 3929 773 3978 Vita
802 3931 932 3989 theweli,
959 3931 1087 3996 separatim
1112 3933 1176 3982 edita
1202 3950 1229 3982 cx
1254 3935 1348 3984 Nuntio
1370 3937 1472 3990 Artium
1488 3945 1519 3990 ct

405 4009 552 4069 literarum,
571 4013 684 4064 'Hurlcmi
698 4013 763 4078 apud
780 4011 883 4066 Viduam
900 4015 957 4064 Adr.
976 4014 1083 4077 Lcoejee,
1103 4017 1175 4066 1838.
1210 4017 1384 4076 (decomodare
1402 4037 1449 4070 aaa
1467 4025 1519 4072 den

406 4093 565 4156 Hooyleeraor
586 4095 614 4142 G.
637 4093 858 4160 thewaalL)

442 4175 476 4224 Ut
487 4175 550 4241 ficii)
585 4175 628 4224 ad.
646 4192 682 4240 pr.
701 4181 729 4224 ut
746 4177 791 4240 ipsi
808 4177 881 4225 etiam
894 4177 954 4242 filii.

437 4258 537 4306 Patrem
552 4257 626 4306 eriam
642 4258 726 4318 mcum)
759 4259 801 4308 m.
820 4273 856 4323 pr.
868 4262 965 4322 patrem
981 4259 1062 4310 rivum
1080 4303 1085 4312 .

437 4340 467 4388 Sc
483 4338 528 4404 foai
544 4339 670 4404 aspicere)
704 4341 746 4389 Ed.
764 4357 800 4406 pr.
819 4356 843 4389 ce
860 4340 986 4404 adaptem.

391 4413 396 4424 “
438 4423 500 4471 Nam
517 4423 543 4471 ia
559 4439 585 4472 co
603 4423 661 4471 libro
678 4424 703 4471 et
719 4423 767 4486 pne
788 4423 937 4472 thewalum
952 4423 1045 4486 wara,
1063 4424 1105 4487 qui
1122 4441 1182 4474 mm
1193 4426 1248 4492 foi)
1281 4427 1326 4476 dd.
1345 4445 1382 4495 pr.
1404 4431 1470 4481 Nam
1490 4438 1523 4483 ct

389 4503 452 4565 ipsc
473 4505 622 4554 Vaccatum
639 4504 744 4568 ammai,
757 4504 845 4569 satque
861 4520 928 4553 eaor.
