3362 5300
819 1397 1053 1488 ORATIO

891 1619 985 1654 HABITA

497 1773 675 1848 LEIDAE
700 1774 1022 1852 AUSPIOANDIS
1049 1777 1366 1852 LEOTIONIBUS

658 1995 770 2044 MENSE
788 1997 934 2045 OCTOBRI
950 1999 992 2047 ΔΟ.
1010 1999 1213 2047 Moccexxxl.

569 2333 765 2402 ALUMNIS
788 2335 1047 2402 Aonnnnssnn
1070 2335 1299 2403 nnmnnsrs

672 2507 679 2514 κ
705 2485 736 2540 P.
759 2487 922 2542 nornen.
941 2485 1172 2542 sonnonem.

863 2619 884 2661 L.
900 2620 926 2662 Μ,
942 2621 966 2661 D.
980 2621 1003 2662 1).

426 2953 528 3032 Quam
558 2955 698 3040 religiosi
724 2953 844 3018 fuerint
868 2952 980 3018 Graeci
1004 2955 1037 3016 et
1059 2953 1197 3018 Romani
1219 2955 1255 3019 in
1279 2955 1487 3021 observandis

382 3078 511 3156 diebus,
543 3076 658 3161 quibus
688 3097 756 3140 rem
784 3075 961 3159 graviorem
985 3074 1198 3158 susciperent,
1226 3097 1319 3141 nemo
1343 3081 1484 3142 vestrum

382 3203 446 3277 est,
476 3197 519 3262 H.
550 3197 609 3275 Α.,
642 3197 698 3282 qui
724 3197 860 3280 ignoret.
908 3195 941 3261 si
965 3198 1071 3259 autem
1095 3196 1201 3261 subito
1225 3197 1302 3281 quid
1326 3201 1487 3282 egendum

382 3322 481 3394 esset,
514 3321 547 3380 et
576 3317 659 3381 forte
689 3317 716 3378 is
739 3317 806 3379 dies
829 3320 904 3380 ante
927 3337 1029 3380 annos
1053 3320 1085 3380 et
1108 3316 1233 3382 soeculo
1254 3317 1356 3382 laetus
1378 3319 1485 3403 reipu-

381 3439 483 3502 bliooe
514 3437 703 3513 exstitisset,
738 3439 807 3499 tum
838 3457 912 3500 vero
946 3438 985 3499 de
1016 3435 1102 3501 felici
1125 3441 1242 3502 eventu
1264 3460 1332 3503 non
1356 3439 1484 3503 dubita-

381 3561 471 3624 bant.
519 3557 717 3642 Quamquam
748 3559 832 3640 apud
862 3577 938 3634 nos,
963 3557 1018 3640 qui
1042 3555 1224 3622 Christiano
1246 3559 1400 3642 religione
1423 3561 1484 3624 im·

381 3681 452 3745 buti
487 3681 602 3758 simus,
638 3677 721 3743 nihil
750 3677 855 3742 velere
886 3677 980 3741 debet
1011 3676 1089 3742 haee
1123 3679 1325 3763 superstitio,
1362 3684 1395 3743 et
1424 3680 1485 3745 hoe

379 3802 473 3865 nobis
503 3823 597 3866 omen
627 3803 675 3864 est
706 3800 802 3883 longe
824 3797 1127 3884 praeclarissimum,
1151 3799 1269 3865 hebere
1292 3802 1485 3886 optimorum

380 3919 585 3985 consiliorum
603 3923 717 3984 testem
736 3919 980 3996 conscientiam,
1001 3921 1109 3983 tamen
1130 3919 1282 3985 eiusmodi
1314 3922 1379 3986 dies
1410 3943 1485 4005 pro·

379 4045 452 4126 pter
469 4041 572 4124 ipsam
592 4060 698 4104 rerum
719 4042 793 4103 ente
816 4041 961 4103 aeterum
983 4039 1251 4119 recordationem,
1275 4041 1381 4105 neseio
1404 4062 1484 4126 quo·

379 4163 491 4240 modo,
521 4160 626 4224 solent
650 4181 715 4224 esse
738 4160 956 4238 iucundiores,
981 4159 1058 4223 odeo
1082 4163 1119 4223 ut
1142 4181 1230 4245 spem
1253 4161 1372 4226 bonam
1394 4163 1485 4226 taeiti

378 4284 544 4348 ostendere
567 4280 745 4346 videantur.

423 4401 492 4480 Ita,
526 4404 612 4486 quod
643 4421 700 4484 per
731 4399 883 4464 ducentos
915 4399 1151 4484 quinquaginta
1180 4423 1235 4465 sex
1261 4423 1380 4479 annos,
1405 4424 1485 4486 quos

386 4522 558 4588 Academia
581 4519 744 4585 Leidensis
766 4520 873 4596 stetit,
896 4541 1060 4601 nunquam
1085 4521 1215 4596 oceidit,
1235 4522 1296 4586 hoe
1315 4544 1401 4586 enno
1419 4525 1484 4588 ter-

652 4664 875 4776 a*
