3338 5302
661 548 699 593 ns
720 545 866 594 esacrae.
1276 524 1313 590 lt

256 729 387 814 Reperti
418 733 511 808 sunt,
544 733 598 795 sed
626 751 759 796 numero
788 731 986 815 pancissimi,
1010 731 1066 814 qui
1089 729 1315 814 opinarentur,

210 849 387 934 Borgerum
417 851 610 915 sententiam
640 851 800 915 interdum
831 873 921 916 suam
952 850 1121 914 dictatoria
1151 849 1317 914 maiestate

211 993 248 1036 ac
278 972 369 1056 quasi
398 993 456 1056 pro
482 972 615 1056 imperio
639 971 855 1056 pronuntiare.
903 971 937 1038 Si
960 971 1131 1055 vestigium
1153 969 1248 1034 helius
1270 970 1316 1035 rei

210 1091 245 1155 in
274 1091 331 1156 illo
363 1091 643 1176 deprehenderint,
672 1093 819 1158 tribuant
840 1092 928 1170 voci,
952 1091 1093 1176 gestibus
1116 1095 1150 1156 et
1172 1094 1314 1178 corpori,

209 1233 277 1276 non
306 1213 453 1278 tribuant
482 1214 608 1292 animo,
637 1214 700 1278 nisi
728 1213 783 1278 ille
806 1213 888 1278 forte
910 1214 1008 1278 iocari
1030 1213 1143 1292 vellet,
1168 1217 1225 1278 aut
1246 1236 1315 1277 ma-

210 1333 277 1396 lum
306 1334 458 1418 proiicere
486 1335 523 1398 in
552 1336 709 1414 medium,
738 1356 806 1400 non
829 1335 960 1415 Eridos,
984 1339 1039 1401 sed
1062 1337 1182 1401 amicae
1200 1337 1314 1420 ,dispu-

208 1453 351 1520 tationis.

253 1575 388 1640 Memini
416 1574 593 1642 Henricum
622 1575 870 1643 Oonstsntinum
894 1577 1059 1658 Crassum,
1083 1580 1255 1664 aliquando
1278 1581 1314 1644 in

207 1699 313 1762 media
342 1695 618 1762 circumstantium
647 1720 764 1765 corona
787 1699 967 1779 sedentem,
992 1700 1094 1766 multa
1116 1701 1252 1766 iucunde
1276 1704 1314 1766 de

206 1817 401 1883 Ruhnkenio
436 1823 469 1884 et
502 1819 733 1886 Valckenaerio
768 1841 914 1899 narrare,
946 1825 979 1886 et
1010 1821 1119 1886 laudes
1149 1823 1314 1906 utriusque

205 1939 397 2025 praedicare.
428 1939 571 2006 Videbar
592 1940 672 2005 mihi
695 1941 804 2006 andire
825 1941 969 2007 Laelium
988 1942 1126 2027 aliquem
1145 1946 1202 2007 aut
1218 1941 1312 2009 Scae-

205 2060 330 2126 volam:
362 2060 525 2146 dulcisque
549 2065 582 2126 et
605 2083 723 2128 canora
745 2084 808 2127 vox
830 2063 1055 2148 sapientissimi
1077 2064 1160 2128 senis
1182 2064 1218 2127 in
1241 2085 1311 2128 om·

204 2181 296 2246 nium
319 2181 443 2246 animos
465 2181 581 2246 leniter
602 2181 768 2248 influebat.
803 2182 866 2248 Hic
889 2185 996 2249 subito
1020 2189 1053 2249 et
1076 2186 1167 2269 quasi
1189 2207 1228 2250 ex
1251 2187 1310 2250 tri·

203 2302 288 2388 pode
319 2301 494 2386 Borgerus:
542 2301 611 2368 »Aa
639 2301 889 2370 Valckenaerius
918 2304 1026 2370 literas
1050 2303 1186 2371 Graecas
1209 2308 1311 2392 magis

203 2423 343 2488 callebat
364 2444 460 2508 quam
483 2422 728 2488 Ruhnkenius.”
753 2422 921 2490 Subridere
945 2449 1027 2490 unus
1047 2430 1079 2491 ct
1098 2427 1198 2506 alter,
1217 2449 1310 2493 nemo
1396 2513 1398 2516 Ι

200 2543 312 2627 inique
334 2543 425 2609 ferre.
472 2543 639 2610 Noverunt
662 2545 748 2610 enim
770 2544 904 2630 Borgeri
924 2547 1171 2632 simplicitatem.

246 2662 351 2730 Huius
381 2665 436 2729 ille
459 2665 673 2750 simplicitatis
696 2666 857 2748 interdum
880 2689 998 2751 poenas
1020 2669 1148 2749 luebat,
1171 2673 1208 2735 ut
1230 2669 1308 2735 Phi-

198 2785 369 2870 lopoemen
401 2785 473 2851 vilis
506 2786 650 2851 vestitus.
697 2786 812 2852 Lector
843 2809 949 2853 sacrae
980 2788 1241 2856 Hermeneutices
1270 2792 1307 2856 in

198 2904 335 2971 misiam
358 2906 518 2990 cogitans,
542 2928 624 2972 nave
646 2906 821 2976 vehebatur
843 2907 996 2975 Harlemo
1018 2910 1305 2977 Amstelodamum.

197 3025 290 3090 Inter
312 3025 391 3092 alios
414 3030 558 3092 vectores
580 3030 648 3092 erat
666 3027 762 3093 homo
785 3029 850 3093 iam
869 3031 984 3114 grandi
1000 3035 1121 3111 aetate,
1140 3036 1257 3098 ornatu
1274 3035 1307 3097 et

198 3168 345 3212 sermone
366 3147 527 3232 professus
550 3146 759 3234 Theologum.
802 3149 962 3236 Borgerus
986 3173 1053 3217 non
1075 3153 1185 3218 tacuit
1220 3153 1305 3220 Nam

197 3266 293 3332 Frisii
321 3269 357 3332 in
388 3269 503 3334 itinere
534 3272 660 3353 tempus
691 3268 872 3336 fabulantes
898 3273 1018 3356 magis,
1042 3295 1139 3357 quam
1162 3273 1305 3358 legentes

197 3391 257 3454 aut
279 3410 386 3454 secum
408 3391 616 3468 meditantes,
641 3388 789 3456 fallunt·
816 3391 997 3478 Theologus
1019 3393 1204 3480 intelligens
1222 3393 1304 3461 Bor·

196 3530 310 3595 gerum
340 3511 485 3596 attigisse
515 3511 643 3596 linguas
672 3511 837 3596 antiquas,
869 3535 941 3578 cum
964 3535 1029 3579 nno
1052 3515 1302 3600 colloquebatur.

194 3631 329 3717 Iamque
352 3635 393 3698 ad
415 3633 552 3698 mediam
575 3633 660 3698 viam
683 3638 911 3718 processerant.
946 3633 1166 3720 agrediuntur
1184 3637 1220 3700 in
1237 3641 1302 3701 ter·

193 3775 281 3832 ram,
305 3753 391 3819 unde
413 3755 547 3820 alteram
569 3755 678 3820 navim
699 3757 856 3840 peterent
880 3754 944 3820 Hic
966 3754 1148 3840 Theologns
1167 3759 1305 3842 quatuor

194 3874 330 3940 sarcinis
359 3876 532 3960 impeditus
562 3875 669 3951 »Quin
699 3879 754 3954 tu,
786 3875 910 3960 inquit,
941 3876 1140 3956 adolescens,
1173 3899 1304 3943 manum

193 3994 278 4060 mihi
311 3996 506 4074 commodas,
539 3999 572 4060 et
602 3994 663 4060 hoc
693 4017 817 4060 mecum
845 3995 998 4080 partiris?
1044 3997 1123 4063 Leve
1146 4000 1192 4086 fit
1223 4002 1306 4085 quod

192 4117 267 4183 oeae
284 4117 393 4204 fertur
416 4117 524 4182 oaus.”
571 4115 731 4202 Borgerns
758 4115 907 4201 partitur.
953 4115 995 4182 ln
1015 4117 1116 4181 altera
1140 4117 1215 4183 navi
1238 4140 1304 4182 ser·

191 4258 324 4302 monem
354 4239 607 4322 persequuntur,
632 4239 666 4301 et
687 4235 870 4322 Theologus
892 4235 965 4301 »Tu
988 4237 1024 4300 in
1046 4235 1220 4302 Academia
1243 4237 1302 4302 ali·

189 4381 260 4444 qua
282 4358 455 4443 discipulus
477 4358 578 4423 literis
602 4359 734 4423 studes?
780 4355 914 4436 Studui,
937 4360 1110 4442 respondet
1132 4357 1302 4444 Borgerns.
1337 4383 1339 4387 ·

189 4477 395 4546 Candidatus
416 4478 541 4564 igitur?
571 4477 642 4545 rui.
672 4477 761 4547 Num
784 4478 886 4546 nostri
909 4477 1030 4546 ordinis
1053 4498 1119 4544 non
1141 4481 1198 4544 es?
1227 4477 1303 4546 Non
