3362 5296
858 621 991 668 chamus

462 806 569 884 Felix,
593 807 620 870 si
643 805 768 890 placida
790 804 946 889 potuisses
970 804 1074 868 vivere
1097 825 1194 888 paee,

463 926 631 1010 Napolaon
654 925 748 989 felix!
778 924 930 990 scelerum
954 924 998 988 sio
1022 945 1098 987 ausa
1121 926 1250 988 tuorum

463 1046 589 1110 Lelheis
611 1044 741 1128 Europa
763 1043 839 1108 olim
861 1043 1019 1108 mersissel
1042 1044 1078 1106 in
1101 1042 1203 1107 undis.

463 1165 509 1229 Ae
533 1186 619 1230 nuno
641 1167 674 1228 le
695 1163 799 1228 famae
821 1166 854 1226 el
876 1162 1032 1247 regnandi
1056 1162 1124 1226 dira
1147 1163 1262 1246 eupido

463 1283 513 1348 Ex
536 1284 606 1348 aliis
628 1283 706 1347 alias
730 1282 822 1346 iussit
844 1282 927 1346 male
949 1282 1079 1365 perdere
1104 1285 1227 1366 genias.

462 1401 600 1487 Antiqui
623 1403 800 1487 splendoris
823 1401 927 1466 Iberia
948 1402 1040 1466 triste
1063 1401 1261 1488 sepulcrum,

464 1523 630 1588 Virtutum
653 1523 831 1586 miseranda
853 1521 948 1597 einis,
971 1521 1150 1586 miseranda
1172 1522 1334 1598 virorum,

464 1641 567 1726 Culpa
589 1645 644 1706 lua
667 1645 724 1706 esi.
748 1642 808 1706 Per
832 1644 864 1705 ie
888 1639 1058 1706 Germania
1079 1642 1204 1719 diruis,
1225 1645 1256 1706 et
1275 1664 1387 1708 omnes

461 1761 544 1837 Quas
567 1763 639 1846 plus
663 1784 759 1846 quam
782 1760 875 1825 Gallo
899 1761 1041 1844 pressisti
1064 1760 1189 1826 foedere
1212 1764 1333 1846 gentes.

465 1882 533 1947 Nos
561 1902 668 1945 sumus
693 1884 725 1944 el
748 1883 956 1944 monumenta
978 1882 1027 1946 lui
1050 1902 1236 1946 aerumnosa
1259 1882 1384 1948 furoris

465 1998 534 2065 Ah!
552 2001 629 2085 quid
646 2022 733 2064 nuno
751 2003 933 2064 nosbrorum
950 2000 1113 2084 opulentia
1130 2004 1209 2074 noba
1224 2005 1410 2086 paramum,

465 2120 548 2195 Quid
571 2142 657 2185 nuno
680 2120 825 2197 divilias,
849 2119 912 2184 nisi
935 2121 1023 2184 avari
1044 2122 1162 2204 praeda
1184 2122 1342 2187 latronis?

465 2241 506 2303 ln
529 2241 645 2304 oariem
669 2262 776 2304 versae
797 2241 896 2324 longo
919 2240 1065 2323 squalore
1087 2240 1214 2307 carinae

464 2360 540 2424 Non
565 2363 684 2426 audent
705 2362 819 2444 pelago
843 2383 876 2428 se
899 2364 1041 2438 credere,
1066 2360 1187 2427 civibus
1210 2363 1303 2428 urbes

467 2478 615 2544 Nudatae
645 2483 678 2543 ei
708 2479 870 2558 domibus,
894 2480 1043 2565 pullaque
1065 2480 1101 2545 in
1119 2485 1207 2546 vesle
1228 2485 1378 2565 parentas

464 2599 594 2685 Lugent
615 2603 739 2684 ereptos
763 2600 824 2664 sibi
848 2622 904 2684 per
927 2601 1043 2666 seelera
1067 2601 1181 2666 utimr
1203 2605 1307 2669 natos.
1347 2675 1349 2678 ¹

464 2721 589 2805 Religio
613 2721 719 2784 amisii
741 2720 879 2804 priscum
902 2721 1082 2786 veneranda
1105 2723 1265 2799 decorem,

464 2841 508 2906 El
531 2842 644 2905 levitas
666 2855 770 2905 mores
792 2841 905 2906 infecit
918 2839 1023 2934 'Galla
1044 2840 1192 2906 Balavos.

465 2961 584 3026 Sanola
605 2960 751 3038 Themis,
775 2962 942 3046 peregrino
968 2961 1016 3024 uli
1039 2983 1183 3028 sermone
1205 2967 1333 3040 cesara,

466 3081 637 3166 Speolabat
659 3082 758 3147 slulla
781 3081 893 3148 violari
915 3082 1036 3165 bempla
1057 3084 1193 3146 oalerva.

466 3202 587 3266 Pellere
610 3203 743 3278 laniasti
766 3205 876 3266 nosbro
900 3223 939 3264 ex
962 3199 1115 3266 Helieone
1139 3199 1311 3279 Camenas,

467 3320 598 3385 Saecula
620 3320 785 3384 barbariae
807 3342 975 3404 reparans,
999 3320 1165 3404 lucemque
1187 3343 1326 3404 perosus,

469 3438 552 3513 Quid
574 3437 634 3500 libi
656 3438 722 3516 vis,
745 3440 880 3505 insanel>
926 3440 1024 3506 Pulses
1047 3440 1128 3504 nihil
1152 3463 1218 3508 esse
1241 3442 1371 3506 deorum

470 3558 614 3638 Numen,
634 3559 684 3644 (ui
699 3559 734 3622 in
750 3558 874 3627 Phariis
891 3557 1053 3624 Christum
1069 3582 1195 3646 quoque
1210 3562 1321 3628 diceris
1332 3563 1411 3630 olim
1437 3651 1441 3662 .

467 3677 615 3743 Eiurasse
637 3679 700 3744 oris
709 3681 731 3764 ,)
755 3678 841 3744 finiri
864 3683 980 3746 cuneta
1003 3681 1146 3767 sepuloro

465 3796 592 3875 Orodis,
617 3802 649 3862 eb
671 3798 732 3863 hoo
755 3799 841 3864 ultra
863 3804 1027 3867 aeternum
1051 3821 1184 3886 regnare
1207 3806 1374 3886 soporem?

470 3917 497 3983 Ο
521 3918 634 4002 quanli
656 3918 716 3982 tibi
738 3921 897 3984 constabil
919 3924 986 3985 lam
1009 3922 1149 4005 perfidus
1170 3925 1273 3988 error!

468 4037 529 4102 Illa
551 4039 617 4102 dies
637 4039 760 4115 veniel,
784 4040 919 4124 lriplioia
942 4062 1007 4124 qua
1028 4042 1178 4108 maehina
1200 4043 1312 4108 mundi

467 4154 616 4233 corruet,
639 4161 820 4242 exspectata
842 4159 952 4235 bonis,
976 4159 1111 4227 formido
1131 4162 1296 4229 malorum.

355 4321 357 4324 -
466 4274 557 4339 Tune
588 4275 666 4338 iuba
689 4276 823 4341 terribili
845 4298 998 4344 resonans
1021 4302 1079 4345 nos
1102 4303 1173 4348 aare
1195 4282 1339 4360 vooabil,

473 4394 698 4478 Quaesitorque
719 4394 805 4460 Deus
827 4396 910 4461 vitas
932 4400 965 4461 el
988 4399 1121 4464 erimina
1144 4401 1254 4467 dissei.

466 4515 548 4590 Quid
571 4514 631 4579 eibi
652 4517 731 4580 lune
753 4515 851 4580 animi
875 4519 992 4596 eredis,
1016 4521 1183 4599 scalenis,
1206 4523 1373 4588 fulsurum?
