3338 5302
634 531 673 583 nn
694 531 838 584 conanae.
1247 514 1288 584 2³9

186 721 258 809 qui,
282 725 385 790 artem
406 724 509 808 ipsam
531 743 599 787 non
621 723 814 801 tractantes,
837 722 978 786 eiusdem
999 718 1034 786 'se
1055 722 1234 788 laudatores
1257 726 1290 787 et

188 845 395 910 admiratores
425 845 642 930 profitentur?
677 844 827 929 *Borgero
851 865 918 909 non
941 866 1021 929 opus
1047 847 1116 910 erat
1136 845 1198 910 hae
1220 843 1290 908 lau·

187 965 291 1046 reela,
322 988 419 1050 quem
450 969 543 1031 eredo
573 966 719 1031 hilariter
748 965 845 1030 firisse
873 966 1028 1043 risurum,
1059 966 1086 1030 si
1116 966 1187 1050 quis
1215 965 1291 1030 huic

187 1087 286 1152 iudici
309 1109 400 1152 suam
423 1086 616 1152 sententiam
638 1087 685 1150 ita
707 1085 911 1150 reddidissett
957 1083 1078 1162 lilius,
1102 1085 1215 1151 Latine
1238 1087 1290 1150 in-

189 1207 481 1292 telligentissimus,
509 1229 604 1292 prosa
626 1207 769 1271 oratione
793 1207 942 1271 sibinen
965 1208 1120 1271 utendum
1143 1228 1210 1272 esse
1232 1229 1292 1291 pu·

189 1330 249 1392 tat.
296 1325 386 1393 cure
419 1328 497 1412 quia
531 1328 720 1405 arbitratur,
756 1349 789 1392 se
823 1327 966 1412 eogttata
999 1327 1133 1404 mentis,
1164 1327 1293 1392 coelesti

190 1448 306 1532 spiritu
328 1451 520 1527 commotae,
545 1449 607 1512 nisi
630 1448 791 1526 canendo,
811 1469 880 1513 non
900 1469 992 1532 posse
1014 1448 1181 1532 explicare.

196 1607 199 1610 ·
236 1569 319 1634 Mihi
345 1570 441 1634 altius
463 1572 606 1654 repetere
628 1589 696 1634 non
717 1569 814 1646 libet,
838 1591 857 1632 a
879 1590 943 1654 quo
965 1568 1055 1634 fonte
1077 1569 1138 1633 iste
1160 1568 1295 1634 Latinae

191 1711 321 1775 poeseos
352 1691 531 1754 contemtus
562 1689 755 1766 manaverit,
786 1711 845 1754 nec
875 1690 964 1774 queri
994 1692 1113 1766 audeo,
1141 1692 1298 1773 quantum

192 1813 378 1878 detrimenti
408 1833 465 1896 per
495 1811 556 1876 hoc
587 1811 751 1876 fastidium
773 1815 806 1875 et
829 1810 1011 1897 superbiam
1033 1811 1201 1875 universus
1223 1810 1296 1874 lite-

192 1955 303 1998 rarum
333 1932 438 1997 cultus
468 1930 588 1997 fecerit.
634 1930 707 1996 Hoe
737 1932 863 2016 copiose
894 1935 927 1996 et
957 1931 1098 2016 graviter
1128 1931 1195 2014 egit
1216 1929 1301 1994 Her·

193 2075 332 2118 mannus
362 2053 418 2118 ille
448 2052 604 2131 Besecha,
636 2052 687 2117 cui
719 2055 752 2118 et
776 2053 863 2116 aetas
886 2055 919 2116 et
942 2052 1105 2136 praeclara
1127 2051 1166 2115 de
1189 2049 1302 2116 studiis

193 2174 407 2239 humanitatis
437 2174 552 2238 merita
577 2173 666 2238 hano
696 2172 920 2238 auctoritatem
942 2173 1073 2237 dabant.
1119 2171 1302 2236 Dolendum

193 2316 271 2362 sane
300 2297 349 2359 est
376 2293 474 2360 fuisse
500 2293 575 2359 olim
597 2294 633 2358 in
656 2293 744 2358 omni
767 2293 832 2357 fere
854 2292 986 2378 Belgio,
1009 2314 1109 2377 quum
1132 2292 1219 2357 docti
1240 2291 1300 2355 ho·

194 2416 298 2481 mines
328 2414 514 2480 facultatem
540 2413 622 2479 bene
644 2413 797 2479 Latinam
819 2414 1013 2490 orationem,
1038 2413 1222 2497 epistolam,
1245 2416 1303 2478 aut

195 2536 342 2622 quamvis
377 2535 627 2621 disputationem
662 2536 892 2621 componendi,
924 2556 991 2600 non
1019 2533 1111 2601 valde
1142 2537 1299 2599 curarent.

196 2658 314 2723 Poetae
342 2658 491 2743 inprimis
522 2679 615 2722 suum
645 2657 786 2742 agebant
801 2701 804 2708 »
817 2657 1002 2742 negotium,
1033 2658 1126 2721 tanto
1148 2675 1242 2739 saepe
1267 2655 1303 2719 in

196 2799 342 2844 sermone
372 2777 513 2843 numeris
542 2777 674 2862 poeticis
703 2777 855 2842 adsuicto
884 2776 1149 2862 praestantiores,
1180 2778 1302 2860 quanto

195 2901 233 2963 in
262 2899 367 2965 soluto
397 2897 572 2964 inferiores.
619 2897 680 2974 Qui
712 2901 813 2962 artem
835 2897 919 2962 hanc
941 2898 1098 2981 poeticam
1121 2918 1189 2962 non
1211 2919 1299 2962 ama·

197 3021 296 3100 bant,
319 3020 403 3085 hanc
425 3020 521 3085 etiam
543 3019 797 3104 reprehensionis
820 3019 1018 3084 occasionem
1040 3017 1148 3102 cupidi
1167 3017 1299 3101 arripie-

197 3142 288 3205 bant.
334 3141 397 3207 Sed
418 3141 455 3206 in
475 3140 536 3206 hae
559 3140 719 3205 calumnia
742 3141 797 3204 diu
819 3139 1003 3204 delitescere
1025 3159 1092 3203 non
1114 3141 1299 3224 potuerunt.

198 3261 275 3327 Mox
298 3262 383 3330 euim
406 3261 508 3327 exorti
530 3263 608 3326 sunt
629 3259 750 3345 egregii
772 3260 933 3338 homines,
953 3260 1010 3344 qui
1029 3262 1248 3337 ostenderent,
1268 3280 1302 3323 se

198 3405 267 3447 non
287 3383 394 3449 minus
413 3381 450 3447 in
473 3380 641 3460 Cicerone,
665 3402 762 3465 quam
785 3380 923 3466 Virgilio
947 3403 1014 3446 esse
1037 3383 1188 3446 versatos.

245 3501 409 3578 Quantum
431 3501 591 3586 Borgerus
614 3501 650 3564 in
674 3499 795 3566 Graeca
816 3501 995 3586 Latineque
1017 3501 1171 3566 facultate
1191 3501 1305 3567 Gram-

200 3623 332 3702 matiea,
367 3643 404 3687 ea
439 3643 534 3706 quam
569 3623 689 3687 veteres
722 3621 965 3706 intelligebant,
998 3643 1124 3706 quaque
1152 3621 1306 3706 Wytten-

200 3743 308 3809 bachii
331 3742 434 3828 gloria
453 3742 589 3806 maxime
612 3740 814 3819 censebatur,
839 3741 1024 3825 profecerit,
1056 3742 1226 3826 quominus
1245 3763 1305 3826 pu·

201 3864 284 3931 blico
319 3865 517 3941 ostenderet,
549 3864 652 3927 morte
681 3861 853 3946 impeditus
885 3864 941 3927 cst.
988 3859 1148 3926 Affeetam
1179 3861 1309 3946 reliquit

201 4006 331 4050 novam
350 3982 469 4050 Iuliani
493 3982 682 4059 editionem,
706 4003 786 4066 quae
810 4004 876 4046 non
899 3985 1003 4047 metus
1027 3985 1075 4046 est
1098 4004 1138 4047 ne
1163 3981 1308 4068 perficia-

202 4108 257 4170 tur
282 4105 326 4170 ab
351 4103 458 4189 aliquo
480 4125 586 4170 rerum
608 4102 721 4186 perito.

240 4413 321 4461 Herm.
345 4408 462 4475 Romala)
485 4395 635 4475 'Disputatio
658 4408 686 4458 de
711 4391 779 4459 male
790 4407 897 4474 neglecto
914 4410 1009 4459 Poesios
1026 4409 1124 4459 Latinae
1141 4409 1231 4468 studio,
1249 4398 1317 4475 prae·

205 4495 267 4544 lecta
283 4493 309 4543 in
327 4494 446 4543 conventu
461 4490 548 4542 arcia
566 4491 653 4541 Olearia
672 4490 783 4544 Instituta*
800 4492 871 4556 aege
888 4491 987 4556 Belgici.
1007 4490 1137 4541 Amstelod.
1157 4489 1228 4543 ran.
1247 4492 1281 4542 8⁰.
