3362 5300
700 587 891 634 nucroeams.
1279 569 1339 634 113

226 774 442 850 Germanum,
476 769 590 837 deinde
619 772 655 836 in
685 793 757 838 eum
788 770 945 837 amicitiae
976 772 1111 856 gradum
1138 770 1276 855 accepit,
1298 774 1337 836 ut

225 897 270 960 ad
294 917 425 960 manum
449 893 570 958 scribae
593 893 663 958 loco
687 896 719 957 et
741 893 891 957 intimum
915 891 1055 956 consiliis
1078 891 1235 955 hebuerit.

275 1015 436 1094 Quantum
467 1017 687 1100 praeceptores
714 1014 750 1078 in
772 1014 921 1098 Principe
944 1013 1123 1098 disciplinis
1145 1013 1335 1078 instruendo

224 1137 389 1205 valuerint
412 1159 449 1202 ae
472 1135 683 1221 profecerint,
704 1135 779 1200 inde
803 1134 969 1220 apparuit,
994 1134 1080 1218 quod
1103 1134 1221 1198 multas
1245 1137 1335 1200 tene·

224 1261 279 1324 ret
307 1258 452 1343 linguas,
483 1278 585 1341 neque
616 1257 781 1342 imperitus
806 1258 887 1321 esset
907 1255 1075 1334 historiae,
1100 1256 1240 1340 poeeios,
1265 1277 1334 1320 ma-

223 1379 432 1456 thematicos,
457 1380 491 1442 et
513 1376 731 1462 philosophiae
755 1375 967 1442 Cartesianae.
993 1374 1160 1442 Caeterum
1177 1399 1227 1443 res
1247 1377 1335 1443 factu

223 1473 315 1565 haud
338 1497 455 1576 facilis,
479 1497 628 1563 bellicum
652 1499 827 1583 temperare
851 1500 995 1562 ardorem
1017 1497 1053 1561 in
1076 1519 1131 1575 eo,
1155 1497 1211 1582 qui
1234 1519 1253 1562 a
1274 1519 1333 1562 na·

224 1625 301 1686 tura
331 1619 487 1697 habebat,
519 1621 553 1683 et
580 1621 672 1703 patre
695 1619 839 1696 volente,
863 1617 933 1683 aliis
955 1618 1176 1703 imprudenter
1198 1619 1334 1684 laudan·

223 1743 348 1820 libne,
365 1741 495 1805 aluerat.
543 1737 648 1815 Quum
671 1738 783 1824 Hagae
806 1739 958 1824 parvulus
983 1738 1170 1804 (tuilielmus
1194 1740 1259 1804 dux
1281 1761 1334 1806 co-

224 1862 345 1940 hortis,
375 1883 413 1926 ex
443 1860 550 1926 filiolis
582 1860 737 1925 nobilium
769 1859 964 1944 aliorumque
995 1859 1110 1925 civium
1142 1861 1335 1945 compositae

223 1981 412 2058 incedebat,
446 1981 561 2067 plausu
597 1981 798 2065 excipiebant
832 1981 1020 2065 optimates,
1056 1981 1153 2066 inque
1186 1980 1236 2046 his
1267 1979 1334 2054 for-

224 2106 333 2181 tasse,
364 2125 442 2187 quos
465 2102 520 2166 ille
543 2123 635 2188 puer,
661 2101 843 2198 adolescens
865 2101 968 2167 factus
991 2103 1026 2166 in
1049 2124 1206 2167 carcerem
1228 2102 1333 2187 Lupe-

225 2224 380 2290 steinium
411 2223 555 2289 coniecit.
603 2221 692 2288 Adeo
724 2223 824 2288 securi
854 2245 960 2288 rerum
976 2223 1163 2288 'futurarum
1187 2245 1254 2288 non
1277 2246 1333 2290 cu-

225 2367 338 2410 ramus
368 2367 478 2430 saepe,
510 2343 586 2429 quid
610 2343 678 2406 ludi
702 2345 831 2408 tenerae
855 2344 969 2409 aetatis
993 2367 1059 2410 non
1083 2344 1188 2410 dubiis
1209 2344 1335 2410 indiciis

225 2467 420 2552 significent.
469 2465 592 2531 Deinde
627 2464 680 2529 vix
710 2487 811 2529 annos
841 2465 963 2530 habens
994 2466 1159 2534 duodecim
1189 2465 1336 2531 interfuit

226 2589 389 2654 obsidioni
419 2588 584 2652 Bredanae
615 2589 648 2650 et
678 2588 803 2670 patrem
834 2585 869 2650 in
898 2587 1009 2672 quavis
1039 2587 1104 2652 fere
1131 2586 1334 2672 expeditione

224 2711 355 2775 secutus
387 2712 452 2786 est,
475 2709 552 2773 adeo
577 2707 691 2772 utrix
714 2709 839 2791 tempus
862 2708 897 2771 in
919 2705 1093 2773 Academia
1115 2709 1261 2774 morandi
1284 2729 1335 2772 re·

223 2833 434 2916 linqueretur.
482 2830 595 2914 Neque
626 2829 706 2907 alia,
737 2831 834 2913 puto,
867 2851 961 2895 causa
992 2829 1071 2908 fuit,
1098 2853 1154 2896 eur
1176 2830 1334 2896 Henricus

223 2953 331 3017 filium
355 2952 441 3016 dorni
462 2950 639 3016 retinuerit.
675 2949 760 3015 Nam
786 2950 854 3036 ipse
877 2950 988 3035 procul
1009 2951 1105 3015 dubio
1125 2973 1231 3016 rerum
1250 2952 1333 3016 mul-

222 3079 335 3138 tarum
364 3072 606 3148 recordabatur,
637 3093 717 3156 quae
748 3071 783 3135 in
807 3070 1000 3136 Academica
1022 3072 1079 3136 illa
1103 3073 1262 3138 sentiendi
1284 3073 1333 3137 di-

223 3195 384 3279 cendique
412 3194 561 3258 libertate
591 3193 687 3257 semel
718 3192 804 3256 visae
826 3193 922 3275 atque
946 3192 1090 3271 auditae,
1113 3193 1149 3257 in
1173 3194 1245 3258 aula
1268 3216 1335 3259 non

224 3316 322 3381 facilc
343 3315 579 3400 repetebantur.
627 3311 815 3378 Guilielmus
837 3311 872 3376 Π
895 3315 1033 3378 aetatem
1055 3313 1179 3380 virilem
1198 3337 1265 3380 non
1284 3317 1334 3380 at-

221 3437 322 3522 tigit3
355 3434 606 3500 Gubernatorem
632 3457 665 3499 se
689 3433 816 3520 quidem
840 3435 965 3519 aperuit
988 3435 1095 3501 minus
1118 3439 1334 3516 moderatum,

222 3579 325 3642 quam
354 3557 562 3642 reipublicae,
593 3557 649 3620 ubi
679 3556 744 3620 ianr
774 3555 878 3620 omnis
903 3578 969 3621 non
991 3557 1174 3623 instrenuus
1195 3559 1334 3644 impera-

222 3683 280 3743 tor
312 3681 474 3763 suspectus
504 3679 569 3755 est,
600 3680 818 3762 opportunum
847 3677 1023 3742 videbatur.
1071 3676 1259 3743 Guilielmus
1282 3659 1334 3744 ΠΙ

223 3799 333 3865 calida
355 3799 441 3862 illius
464 3798 597 3863 consilia
618 3798 795 3862 immeritus
817 3798 888 3862 luit.

274 3919 392 3984 11111
415 3920 517 3984 multa
540 3920 641 4004 patris
663 3918 820 3998 habebat,
844 3940 997 4004 magnum
1014 3920 1060 3985 rei
1080 3921 1228 3987 militaris
1246 3945 1334 3988 amo·

220 4063 313 4119 rem,
345 4041 466 4126 gloriae
496 4043 530 4105 et
561 4040 740 4126 imperandi
771 4041 970 4124 cupidinem,
999 4063 1058 4106 nec
1080 4041 1174 4108 facile
1198 4045 1237 4108 de
1259 4066 1335 4129 pro·

220 4161 334 4250 posito
365 4163 593 4239 deducebatur,
623 4161 748 4245 aliaque
777 4161 906 4227 inerant
937 4165 1070 4228 naturae
1092 4164 1230 4242 semina,
1255 4188 1336 4251 quae

220 4285 368 4372 primum
397 4283 593 4368 temporibus
623 4303 730 4366 pressa
760 4286 857 4367 atque
885 4285 1030 4361 retenta,
1064 4285 1199 4349 sublatis
1223 4287 1337 4352 deinde

260 4541 301 4590 Ex
312 4541 399 4605 filiolis
415 4541 527 4592 notitiam
542 4541 687 4605 aliorumque
703 4541 799 4606 0101101)
822 4540 865 4589 dd.
882 4555 920 4605 pr.
938 4556 951 4588 e
965 4539 1052 4606 filiolae
1070 4541 1182 4592 1101111011
1199 4543 1342 4610 anemae.

1178 4639 1193 4688 8
