<?xml version="1.0" encoding="UTF-8"?>
<!DOCTYPE html PUBLIC "-//W3C//DTD XHTML 1.0 Transitional//EN"
    "http://www.w3.org/TR/xhtml1/DTD/xhtml1-transitional.dtd">
<html xmlns="http://www.w3.org/1999/xhtml" xml:lang="en" lang="en">
 <head>
  <title>
</title>
<meta http-equiv="Content-Type" content="text/html;charset=utf-8" />
  <meta name='ocr-system' content='tesseract 3.04.00' />
  <meta name='ocr-capabilities' content='ocr_page ocr_carea ocr_par ocr_line ocrx_word'/>
</head>
<body>
  <div class='ocr_page' id='page_1' title='image "./opusculaoratori00peergoog/opusculaoratori00peergoog_0139.png"; bbox 0 0 3362 5300; ppageno 0'>
   <div class='ocr_carea' id='block_1_1' title="bbox 393 565 998 630">
    <p class='ocr_par' dir='ltr' id='par_1_1' title="bbox 393 565 998 630">
     <span class='ocr_line' id='line_1_1' title="bbox 393 565 998 630; baseline -0.017 -2"><span class='ocrx_word' id='word_1_1' title='bbox 393 565 452 630; x_wconf 82' lang='lat'><strong>116</strong></span> <span class='ocrx_word' id='word_1_2' title='bbox 764 600 768 608; x_wconf 87' lang='lat'><em>-</em></span> <span class='ocrx_word' id='word_1_3' title='bbox 891 575 998 620; x_wconf 78' lang='grc'>6111116</span> 
     </span>
    </p>
   </div>
   <div class='ocr_carea' id='block_1_2' title="bbox 367 756 1522 4470">
    <p class='ocr_par' dir='ltr' id='par_1_2' title="bbox 381 756 1496 2053">
     <span class='ocr_line' id='line_1_2' title="bbox 391 756 1496 842; baseline -0.008 -9"><span class='ocrx_word' id='word_1_4' title='bbox 391 765 534 833; x_wconf 88' lang='lat' dir='ltr'><strong>difficiles</strong></span> <span class='ocrx_word' id='word_1_5' title='bbox 557 785 594 830; x_wconf 90' lang='lat' dir='ltr'><strong>ac</strong></span> <span class='ocrx_word' id='word_1_6' title='bbox 617 761 735 828; x_wconf 89' lang='lat' dir='ltr'><strong>morosi</strong></span> <span class='ocrx_word' id='word_1_7' title='bbox 755 761 792 824; x_wconf 92' lang='lat' dir='ltr'><strong>in</strong></span> <span class='ocrx_word' id='word_1_8' title='bbox 812 760 872 824; x_wconf 88' lang='lat' dir='ltr'><strong>hac</strong></span> <span class='ocrx_word' id='word_1_9' title='bbox 896 779 991 824; x_wconf 87' lang='lat' dir='ltr'><strong>causa</strong></span> <span class='ocrx_word' id='word_1_10' title='bbox 1013 759 1247 842; x_wconf 87' lang='lat' dir='ltr'><strong>apparuerunt!</strong></span> <span class='ocrx_word' id='word_1_11' title='bbox 1282 756 1325 823; x_wconf 91' lang='lat' dir='ltr'><strong>N.</strong></span> <span class='ocrx_word' id='word_1_12' title='bbox 1344 756 1496 824; x_wconf 81' lang='lat' dir='ltr'><strong>Heinsius</strong></span> 
     </span>
     <span class='ocr_line' id='line_1_3' title="bbox 390 877 1494 963; baseline -0.009 -12"><span class='ocrx_word' id='word_1_13' title='bbox 390 908 424 952; x_wconf 90' lang='lat' dir='ltr'><strong>se</strong></span> <span class='ocrx_word' id='word_1_14' title='bbox 455 887 595 950; x_wconf 89' lang='lat' dir='ltr'><strong>metuere</strong></span> <span class='ocrx_word' id='word_1_15' title='bbox 626 882 766 960; x_wconf 90' lang='lat' dir='ltr'><strong>dicebat,</strong></span> <span class='ocrx_word' id='word_1_16' title='bbox 796 902 837 944; x_wconf 93' lang='lat' dir='ltr'><strong>ne</strong></span> <span class='ocrx_word' id='word_1_17' title='bbox 860 879 998 944; x_wconf 87' lang='lat' dir='ltr'><strong>Bornius</strong></span> <span class='ocrx_word' id='word_1_18' title='bbox 1022 877 1227 943; x_wconf 84' lang='lat' dir='ltr'><strong>Guilielmum</strong></span> <span class='ocrx_word' id='word_1_19' title='bbox 1250 899 1368 963; x_wconf 80' lang='lat' dir='ltr'><strong>magno</strong></span> <span class='ocrx_word' id='word_1_20' title='bbox 1391 880 1494 962; x_wconf 87' lang='lat' dir='ltr'><strong>pretio</strong></span> 
     </span>
     <span class='ocr_line' id='line_1_4' title="bbox 389 999 1493 1084; baseline -0.006 -13"><span class='ocrx_word' id='word_1_21' title='bbox 389 1006 470 1070; x_wconf 84' lang='lat' dir='ltr'>nihil</span> <span class='ocrx_word' id='word_1_22' title='bbox 493 1006 573 1071; x_wconf 87' lang='lat' dir='ltr'><strong>scire</strong></span> <span class='ocrx_word' id='word_1_23' title='bbox 595 1005 730 1070; x_wconf 89' lang='lat' dir='ltr'><strong>doceret.</strong></span> <span class='ocrx_word' id='word_1_24' title='bbox 754 1001 892 1068; x_wconf 87' lang='lat' dir='ltr'><strong>Vlictius</strong></span> <span class='ocrx_word' id='word_1_25' title='bbox 916 1000 1018 1065; x_wconf 89' lang='lat' dir='ltr'><strong>facere</strong></span> <span class='ocrx_word' id='word_1_26' title='bbox 1038 1020 1104 1065; x_wconf 92' lang='lat' dir='ltr'><strong>non</strong></span> <span class='ocrx_word' id='word_1_27' title='bbox 1123 1002 1268 1084; x_wconf 85' lang='lat' dir='ltr'><strong>poterat,</strong></span> <span class='ocrx_word' id='word_1_28' title='bbox 1289 999 1369 1084; x_wconf 91' lang='lat' dir='ltr'><strong>quin</strong></span> <span class='ocrx_word' id='word_1_29' title='bbox 1388 1001 1493 1065; x_wconf 89' lang='lat' dir='ltr'><strong>studia</strong></span> 
     </span>
     <span class='ocr_line' id='line_1_5' title="bbox 387 1118 1492 1192; baseline -0.007 0"><span class='ocrx_word' id='word_1_30' title='bbox 387 1127 473 1192; x_wconf 88' lang='lat' dir='ltr'><strong>illius</strong></span> <span class='ocrx_word' id='word_1_31' title='bbox 496 1148 524 1191; x_wconf 86' lang='lat' dir='ltr'><strong>a.</strong></span> <span class='ocrx_word' id='word_1_32' title='bbox 551 1126 637 1191; x_wconf 86' lang='grc'>1662</span> <span class='ocrx_word' id='word_1_33' title='bbox 662 1127 790 1188; x_wconf 87' lang='lat' dir='ltr'><strong>vocaret</strong></span> <span class='ocrx_word' id='word_1_34' title='bbox 812 1121 1032 1187; x_wconf 90' lang='lat' dir='ltr'><strong>consummata</strong></span> <span class='ocrx_word' id='word_1_35' title='bbox 1048 1121 1167 1186; x_wconf 80' lang='grc'>66111661.</span> <span class='ocrx_word' id='word_1_36' title='bbox 1201 1118 1381 1184; x_wconf 84' lang='lat' dir='ltr'><strong>Gronovius</strong></span> <span class='ocrx_word' id='word_1_37' title='bbox 1399 1119 1492 1184; x_wconf 90' lang='lat' dir='ltr'><strong>Prin-</strong></span> 
     </span>
     <span class='ocr_line' id='line_1_6' title="bbox 387 1239 1492 1332; baseline -0.006 -20"><span class='ocrx_word' id='word_1_38' title='bbox 387 1247 490 1332; x_wconf 88' lang='lat' dir='ltr'><strong>cipem</strong></span> <span class='ocrx_word' id='word_1_39' title='bbox 512 1251 545 1314; x_wconf 88' lang='lat' dir='ltr'><strong>et</strong></span> <span class='ocrx_word' id='word_1_40' title='bbox 568 1249 670 1312; x_wconf 83' lang='lat' dir='ltr'><strong>totam</strong></span> <span class='ocrx_word' id='word_1_41' title='bbox 694 1244 856 1310; x_wconf 86' lang='lat' dir='ltr'><strong>cohortem</strong></span> <span class='ocrx_word' id='word_1_42' title='bbox 879 1243 944 1307; x_wconf 89' lang='lat' dir='ltr'><strong>iam</strong></span> <span class='ocrx_word' id='word_1_43' title='bbox 967 1244 1041 1326; x_wconf 90' lang='lat' dir='ltr'><strong>post</strong></span> <span class='ocrx_word' id='word_1_44' title='bbox 1063 1239 1238 1306; x_wconf 85' lang='lat' dir='ltr'><strong>triennium</strong></span> <span class='ocrx_word' id='word_1_45' title='bbox 1262 1261 1401 1306; x_wconf 87' lang='lat' dir='ltr'><strong>secessus</strong></span> <span class='ocrx_word' id='word_1_46' title='bbox 1420 1240 1492 1306; x_wconf 88' lang='lat' dir='ltr'><strong>Lei-</strong></span> 
     </span>
     <span class='ocr_line' id='line_1_7' title="bbox 387 1358 1489 1434; baseline -0.005 -2"><span class='ocrx_word' id='word_1_47' title='bbox 387 1367 492 1434; x_wconf 88' lang='lat' dir='ltr'><strong>densis</strong></span> <span class='ocrx_word' id='word_1_48' title='bbox 522 1368 648 1430; x_wconf 89' lang='lat' dir='ltr'><strong>taedere</strong></span> <span class='ocrx_word' id='word_1_49' title='bbox 681 1363 847 1429; x_wconf 74' lang='lat' dir='ltr'>scribebat.</span> <span class='ocrx_word' id='word_1_50' title='bbox 895 1361 929 1428; x_wconf 84' lang='lat' dir='ltr'><strong>Si</strong></span> <span class='ocrx_word' id='word_1_51' title='bbox 961 1361 1085 1426; x_wconf 84' lang='lat' dir='ltr'><strong>iuvenis</strong></span> <span class='ocrx_word' id='word_1_52' title='bbox 1116 1358 1308 1425; x_wconf 81' lang='lat' dir='ltr'><strong>Areusiacus</strong></span> <span class='ocrx_word' id='word_1_53' title='bbox 1338 1360 1408 1425; x_wconf 90' lang='lat' dir='ltr'><strong>fieri</strong></span> <span class='ocrx_word' id='word_1_54' title='bbox 1437 1361 1489 1426; x_wconf 90' lang='lat' dir='ltr'><strong>de-</strong></span> 
     </span>
     <span class='ocr_line' id='line_1_8' title="bbox 386 1479 1489 1563; baseline -0.008 -8"><span class='ocrx_word' id='word_1_55' title='bbox 386 1491 507 1555; x_wconf 86' lang='lat' dir='ltr'><strong>buisset</strong></span> <span class='ocrx_word' id='word_1_56' title='bbox 539 1487 735 1563; x_wconf 84' lang='lat' dir='ltr'><strong>Gronovius,</strong></span> <span class='ocrx_word' id='word_1_57' title='bbox 767 1487 805 1550; x_wconf 90' lang='lat' dir='ltr'><strong>ut</strong></span> <span class='ocrx_word' id='word_1_58' title='bbox 838 1485 1022 1549; x_wconf 88' lang='lat' dir='ltr'><strong>emendatos</strong></span> <span class='ocrx_word' id='word_1_59' title='bbox 1053 1505 1073 1546; x_wconf 93' lang='lat' dir='ltr'><strong>a</strong></span> <span class='ocrx_word' id='word_1_60' title='bbox 1104 1504 1137 1546; x_wconf 90' lang='lat' dir='ltr'><strong>se</strong></span> <span class='ocrx_word' id='word_1_61' title='bbox 1151 1479 1154 1484; x_wconf 76' lang='grc'>’</span> <span class='ocrx_word' id='word_1_62' title='bbox 1167 1482 1299 1546; x_wconf 85' lang='grc' dir='ltr'>Ρ166166</span> <span class='ocrx_word' id='word_1_63' title='bbox 1330 1484 1363 1545; x_wconf 88' lang='grc'><strong>61</strong></span> <span class='ocrx_word' id='word_1_64' title='bbox 1385 1481 1489 1547; x_wconf 82' lang='lat' dir='ltr'><strong>Livios</strong></span> 
     </span>
     <span class='ocr_line' id='line_1_9' title="bbox 385 1601 1489 1686; baseline -0.006 -11"><span class='ocrx_word' id='word_1_65' title='bbox 385 1609 583 1686; x_wconf 88' lang='lat' dir='ltr'><strong>ostenderet,</strong></span> <span class='ocrx_word' id='word_1_66' title='bbox 611 1607 786 1671; x_wconf 75' lang='lat' dir='ltr'><strong>triennium</strong></span> <span class='ocrx_word' id='word_1_67' title='bbox 810 1607 895 1670; x_wconf 90' lang='lat' dir='ltr'><strong>certe</strong></span> <span class='ocrx_word' id='word_1_68' title='bbox 918 1625 984 1668; x_wconf 92' lang='lat' dir='ltr'><strong>non</strong></span> <span class='ocrx_word' id='word_1_69' title='bbox 1006 1601 1199 1668; x_wconf 86' lang='lat' dir='ltr'><strong>sufficiebat:</strong></span> <span class='ocrx_word' id='word_1_70' title='bbox 1224 1601 1279 1667; x_wconf 89' lang='lat' dir='ltr'><strong>sed</strong></span> <span class='ocrx_word' id='word_1_71' title='bbox 1302 1601 1372 1666; x_wconf 88' lang='lat' dir='ltr'><strong>fieri</strong></span> <span class='ocrx_word' id='word_1_72' title='bbox 1395 1602 1489 1668; x_wconf 89' lang='lat' dir='ltr'><strong>debe-</strong></span> 
     </span>
     <span class='ocr_line' id='line_1_10' title="bbox 384 1721 1488 1811; baseline -0.005 -17"><span class='ocrx_word' id='word_1_73' title='bbox 384 1731 441 1794; x_wconf 92' lang='lat' dir='ltr'><strong>bat</strong></span> <span class='ocrx_word' id='word_1_74' title='bbox 462 1727 668 1805; x_wconf 77' lang='lat' dir='ltr'><strong>Grnlielmrrs,</strong></span> <span class='ocrx_word' id='word_1_75' title='bbox 692 1726 748 1811; x_wconf 92' lang='lat' dir='ltr'><strong>qui</strong></span> <span class='ocrx_word' id='word_1_76' title='bbox 770 1724 982 1791; x_wconf 88' lang='lat' dir='ltr'><strong>Neerlandiae</strong></span> <span class='ocrx_word' id='word_1_77' title='bbox 1005 1723 1159 1801; x_wconf 84' lang='lat' dir='ltr'><strong>salntem,</strong></span> <span class='ocrx_word' id='word_1_78' title='bbox 1185 1721 1373 1787; x_wconf 75' lang='lat' dir='ltr'><strong>Britanniae</strong></span> <span class='ocrx_word' id='word_1_79' title='bbox 1391 1723 1488 1788; x_wconf 89' lang='lat' dir='ltr'><strong>liber-</strong></span> 
     </span>
     <span class='ocr_line' id='line_1_11' title="bbox 382 1842 1488 1931; baseline -0.006 -16"><span class='ocrx_word' id='word_1_80' title='bbox 382 1852 483 1915; x_wconf 89' lang='lat' dir='ltr'><strong>tatem</strong></span> <span class='ocrx_word' id='word_1_81' title='bbox 511 1849 673 1926; x_wconf 87' lang='lat' dir='ltr'><strong>redderet,</strong></span> <span class='ocrx_word' id='word_1_82' title='bbox 705 1849 738 1911; x_wconf 93' lang='lat' dir='ltr'><strong>et</strong></span> <span class='ocrx_word' id='word_1_83' title='bbox 767 1846 947 1931; x_wconf 88' lang='lat' dir='ltr'><strong>improbam</strong></span> <span class='ocrx_word' id='word_1_84' title='bbox 974 1842 1129 1910; x_wconf 82' lang='lat' dir='ltr'><strong>Ludovici</strong></span> <span class='ocrx_word' id='word_1_85' title='bbox 1157 1842 1237 1908; x_wconf 89' lang='lat' dir='ltr'><strong>XIV</strong></span> <span class='ocrx_word' id='word_1_86' title='bbox 1265 1845 1488 1929; x_wconf 84' lang='lat' dir='ltr'><strong>tyrannidem,</strong></span> 
     </span>
     <span class='ocr_line' id='line_1_12' title="bbox 381 1965 1045 2053; baseline -0.011 -17"><span class='ocrx_word' id='word_1_87' title='bbox 381 1969 444 2036; x_wconf 87' lang='lat' dir='ltr'><strong>toti</strong></span> <span class='ocrx_word' id='word_1_88' title='bbox 465 1967 613 2053; x_wconf 78' lang='lat' dir='ltr'><strong>Europae</strong></span> <span class='ocrx_word' id='word_1_89' title='bbox 634 1967 850 2042; x_wconf 87' lang='lat' dir='ltr'><strong>intentatam,</strong></span> <span class='ocrx_word' id='word_1_90' title='bbox 872 1965 1045 2050; x_wconf 81' lang='lat' dir='ltr'><strong>frangeret</strong></span> 
     </span>
    </p>

    <p class='ocr_par' dir='ltr' id='par_1_3' title="bbox 367 2084 1522 4331">
     <span class='ocr_line' id='line_1_13' title="bbox 428 2084 1487 2171; baseline -0.005 -16"><span class='ocrx_word' id='word_1_91' title='bbox 428 2088 616 2155; x_wconf 84' lang='lat' dir='ltr'><strong>Guilielmus</strong></span> <span class='ocrx_word' id='word_1_92' title='bbox 635 2086 824 2154; x_wconf 77' lang='lat' dir='ltr'><strong>Academiae</strong></span> <span class='ocrx_word' id='word_1_93' title='bbox 843 2085 1046 2164; x_wconf 88' lang='lat' dir='ltr'><strong>memoriam,</strong></span> <span class='ocrx_word' id='word_1_94' title='bbox 1067 2108 1170 2171; x_wconf 89' lang='lat' dir='ltr'><strong>neque</strong></span> <span class='ocrx_word' id='word_1_95' title='bbox 1181 2084 1356 2152; x_wconf 77' lang='lat' dir='ltr'><strong>Academia</strong></span> <span class='ocrx_word' id='word_1_96' title='bbox 1367 2086 1487 2150; x_wconf 86' lang='lat' dir='ltr'><strong>alumni</strong></span> 
     </span>
     <span class='ocr_line' id='line_1_14' title="bbox 380 2205 1486 2294; baseline -0.003 -20"><span class='ocrx_word' id='word_1_97' title='bbox 380 2229 523 2294; x_wconf 88' lang='lat' dir='ltr'><strong>unquam</strong></span> <span class='ocrx_word' id='word_1_98' title='bbox 554 2207 716 2292; x_wconf 75' lang='lat' dir='ltr'><strong>deposuit,</strong></span> <span class='ocrx_word' id='word_1_99' title='bbox 750 2205 874 2292; x_wconf 84' lang='lat' dir='ltr'><strong>fuitque</strong></span> <span class='ocrx_word' id='word_1_100' title='bbox 904 2206 1059 2290; x_wconf 81' lang='lat' dir='ltr'><strong>tanquam</strong></span> <span class='ocrx_word' id='word_1_101' title='bbox 1090 2205 1266 2270; x_wconf 89' lang='lat' dir='ltr'><strong>officiorum</strong></span> <span class='ocrx_word' id='word_1_102' title='bbox 1297 2209 1330 2270; x_wconf 91' lang='lat' dir='ltr'><strong>et</strong></span> <span class='ocrx_word' id='word_1_103' title='bbox 1358 2206 1486 2290; x_wconf 84' lang='lat' dir='ltr'><strong>pietatis</strong></span> 
     </span>
     <span class='ocr_line' id='line_1_15' title="bbox 380 2326 1486 2413; baseline -0.003 -18"><span class='ocrx_word' id='word_1_104' title='bbox 380 2333 528 2395; x_wconf 90' lang='lat' dir='ltr'><strong>mutuum</strong></span> <span class='ocrx_word' id='word_1_105' title='bbox 555 2331 725 2394; x_wconf 87' lang='lat' dir='ltr'><strong>certamen.</strong></span> <span class='ocrx_word' id='word_1_106' title='bbox 773 2328 910 2413; x_wconf 82' lang='lat' dir='ltr'><strong>Magnos</strong></span> <span class='ocrx_word' id='word_1_107' title='bbox 941 2349 969 2390; x_wconf 90' lang='lat' dir='ltr'><strong>a.</strong></span> <span class='ocrx_word' id='word_1_108' title='bbox 996 2326 1140 2392; x_wconf 74' lang='grc'>161411</span> <span class='ocrx_word' id='word_1_109' title='bbox 1163 2326 1327 2412; x_wconf 89' lang='lat' dir='ltr'><strong>republica</strong></span> <span class='ocrx_word' id='word_1_110' title='bbox 1351 2326 1486 2393; x_wconf 86' lang='lat' dir='ltr'><strong>honores</strong></span> 
     </span>
     <span class='ocr_line' id='line_1_16' title="bbox 380 2447 1484 2534; baseline -0.005 -16"><span class='ocrx_word' id='word_1_111' title='bbox 380 2452 585 2527; x_wconf 86' lang='lat' dir='ltr'><strong>consecutus,</strong></span> <span class='ocrx_word' id='word_1_112' title='bbox 610 2448 748 2514; x_wconf 88' lang='lat' dir='ltr'><strong>orationi</strong></span> <span class='ocrx_word' id='word_1_113' title='bbox 769 2448 934 2527; x_wconf 83' lang='lat' dir='ltr'><strong>interfuit,</strong></span> <span class='ocrx_word' id='word_1_114' title='bbox 958 2470 1022 2534; x_wconf 93' lang='lat' dir='ltr'><strong>qua</strong></span> <span class='ocrx_word' id='word_1_115' title='bbox 1043 2447 1218 2534; x_wconf 82' lang='lat' dir='ltr'><strong>Heydanus</strong></span> <span class='ocrx_word' id='word_1_116' title='bbox 1240 2448 1328 2514; x_wconf 87' lang='lat' dir='ltr'><strong>iussu</strong></span> <span class='ocrx_word' id='word_1_117' title='bbox 1349 2448 1484 2514; x_wconf 84' lang='lat' dir='ltr'><strong>Senatus</strong></span> 
     </span>
     <span class='ocr_line' id='line_1_17' title="bbox 379 2570 1482 2656; baseline -0.004 -18"><span class='ocrx_word' id='word_1_118' title='bbox 379 2571 563 2638; x_wconf 83' lang='lat' dir='ltr'><strong>Academici</strong></span> <span class='ocrx_word' id='word_1_119' title='bbox 596 2572 625 2636; x_wconf 91' lang='lat' dir='ltr'><strong>ei</strong></span> <span class='ocrx_word' id='word_1_120' title='bbox 660 2570 840 2656; x_wconf 80' lang='lat' dir='ltr'><strong>gratulatus</strong></span> <span class='ocrx_word' id='word_1_121' title='bbox 875 2573 932 2635; x_wconf 88' lang='lat' dir='ltr'><strong>est.</strong></span> <span class='ocrx_word' id='word_1_122' title='bbox 979 2570 1047 2637; x_wconf 88' lang='lat' dir='ltr'><strong>Nec</strong></span> <span class='ocrx_word' id='word_1_123' title='bbox 1080 2570 1260 2655; x_wconf 89' lang='lat' dir='ltr'><strong>praesentia</strong></span> <span class='ocrx_word' id='word_1_124' title='bbox 1292 2570 1482 2649; x_wconf 88' lang='lat' dir='ltr'><strong>desiderata,</strong></span> 
     </span>
     <span class='ocr_line' id='line_1_18' title="bbox 378 2689 1481 2779; baseline -0.005 -19"><span class='ocrx_word' id='word_1_125' title='bbox 378 2715 442 2779; x_wconf 94' lang='lat' dir='ltr'><strong>quo</strong></span> <span class='ocrx_word' id='word_1_126' title='bbox 470 2694 521 2758; x_wconf 91' lang='lat' dir='ltr'><strong>die</strong></span> <span class='ocrx_word' id='word_1_127' title='bbox 550 2693 673 2778; x_wconf 85' lang='lat' dir='ltr'><strong>Syenus</strong></span> <span class='ocrx_word' id='word_1_128' title='bbox 703 2690 841 2775; x_wconf 90' lang='lat' dir='ltr'><strong>primum</strong></span> <span class='ocrx_word' id='word_1_129' title='bbox 865 2689 1056 2756; x_wconf 85' lang='lat' dir='ltr'><strong>Academiae</strong></span> <span class='ocrx_word' id='word_1_130' title='bbox 1078 2692 1237 2757; x_wconf 80' lang='lat' dir='ltr'><strong>saeculare</strong></span> <span class='ocrx_word' id='word_1_131' title='bbox 1259 2690 1378 2756; x_wconf 89' lang='lat' dir='ltr'><strong>festum</strong></span> <span class='ocrx_word' id='word_1_132' title='bbox 1402 2691 1481 2756; x_wconf 91' lang='lat' dir='ltr'><strong>cele-</strong></span> 
     </span>
     <span class='ocr_line' id='line_1_19' title="bbox 377 2811 1483 2896; baseline -0.003 -17"><span class='ocrx_word' id='word_1_133' title='bbox 377 2815 502 2881; x_wconf 89' lang='lat' dir='ltr'><strong>brabat.</strong></span> <span class='ocrx_word' id='word_1_134' title='bbox 548 2812 640 2878; x_wconf 84' lang='lat' dir='ltr'><strong>Adeo</strong></span> <span class='ocrx_word' id='word_1_135' title='bbox 673 2811 723 2876; x_wconf 89' lang='lat' dir='ltr'><strong>vel</strong></span> <span class='ocrx_word' id='word_1_136' title='bbox 753 2811 863 2896; x_wconf 89' lang='lat' dir='ltr'><strong>inique</strong></span> <span class='ocrx_word' id='word_1_137' title='bbox 895 2833 962 2876; x_wconf 88' lang='lat' dir='ltr'><strong>non</strong></span> <span class='ocrx_word' id='word_1_138' title='bbox 988 2812 1066 2876; x_wconf 90' lang='lat' dir='ltr'><strong>tulit</strong></span> <span class='ocrx_word' id='word_1_139' title='bbox 1088 2812 1139 2877; x_wconf 87' lang='lat' dir='ltr'><strong>vel</strong></span> <span class='ocrx_word' id='word_1_140' title='bbox 1162 2812 1374 2878; x_wconf 77' lang='lat' dir='ltr'><strong>dissimulavit</strong></span> <span class='ocrx_word' id='word_1_141' title='bbox 1396 2835 1483 2876; x_wconf 89' lang='lat' dir='ltr'><strong>suam</strong></span> 
     </span>
     <span class='ocr_line' id='line_1_20' title="bbox 376 2931 1479 3016; baseline -0.005 -15"><span class='ocrx_word' id='word_1_142' title='bbox 376 2935 595 3002; x_wconf 85' lang='lat' dir='ltr'><strong>Professorum</strong></span> <span class='ocrx_word' id='word_1_143' title='bbox 628 2931 936 2997; x_wconf 87' lang='lat' dir='ltr'><strong>commendationem</strong></span> <span class='ocrx_word' id='word_1_144' title='bbox 969 2934 1054 3016; x_wconf 90' lang='lat' dir='ltr'><strong>apud</strong></span> <span class='ocrx_word' id='word_1_145' title='bbox 1084 2931 1252 2998; x_wconf 74' lang='lat' dir='ltr'><strong>(iuratores</strong></span> <span class='ocrx_word' id='word_1_146' title='bbox 1283 2955 1397 3016; x_wconf 89' lang='lat' dir='ltr'><strong>parum</strong></span> <span class='ocrx_word' id='word_1_147' title='bbox 1427 2956 1479 2998; x_wconf 89' lang='lat' dir='ltr'><strong>va-</strong></span> 
     </span>
     <span class='ocr_line' id='line_1_21' title="bbox 376 3051 1479 3139; baseline -0.004 -19"><span class='ocrx_word' id='word_1_148' title='bbox 376 3056 489 3122; x_wconf 86' lang='lat' dir='ltr'><strong>luisse:</strong></span> <span class='ocrx_word' id='word_1_149' title='bbox 521 3055 632 3139; x_wconf 88' lang='lat' dir='ltr'><strong>postea</strong></span> <span class='ocrx_word' id='word_1_150' title='bbox 663 3052 792 3137; x_wconf 86' lang='lat' dir='ltr'><strong>quidem</strong></span> <span class='ocrx_word' id='word_1_151' title='bbox 822 3054 859 3115; x_wconf 92' lang='lat' dir='ltr'><strong>ut</strong></span> <span class='ocrx_word' id='word_1_152' title='bbox 888 3051 924 3116; x_wconf 89' lang='lat' dir='ltr'><strong>in</strong></span> <span class='ocrx_word' id='word_1_153' title='bbox 946 3074 984 3116; x_wconf 87' lang='lat' dir='ltr'><strong>ea</strong></span> <span class='ocrx_word' id='word_1_154' title='bbox 1005 3075 1038 3116; x_wconf 87' lang='lat' dir='ltr'><strong>re</strong></span> <span class='ocrx_word' id='word_1_155' title='bbox 1062 3053 1183 3138; x_wconf 92' lang='lat' dir='ltr'><strong>aliquid</strong></span> <span class='ocrx_word' id='word_1_156' title='bbox 1205 3053 1343 3132; x_wconf 86' lang='lat' dir='ltr'><strong>valeret,</strong></span> <span class='ocrx_word' id='word_1_157' title='bbox 1368 3055 1479 3120; x_wconf 82' lang='grc'>6116611.</span> 
     </span>
     <span class='ocr_line' id='line_1_22' title="bbox 375 3172 1480 3264; baseline -0.007 -19"><span class='ocrx_word' id='word_1_158' title='bbox 375 3177 487 3264; x_wconf 85' lang='lat' dir='ltr'><strong>Neque</strong></span> <span class='ocrx_word' id='word_1_159' title='bbox 517 3175 693 3242; x_wconf 88' lang='lat' dir='ltr'><strong>Academia</strong></span> <span class='ocrx_word' id='word_1_160' title='bbox 724 3172 931 3238; x_wconf 86' lang='lat' dir='ltr'><strong>Guilielmum</strong></span> <span class='ocrx_word' id='word_1_161' title='bbox 961 3173 1119 3259; x_wconf 82' lang='lat' dir='ltr'><strong>neglexit,</strong></span> <span class='ocrx_word' id='word_1_162' title='bbox 1149 3176 1306 3241; x_wconf 87' lang='lat' dir='ltr'><strong>laetitiam</strong></span> <span class='ocrx_word' id='word_1_163' title='bbox 1337 3176 1480 3242; x_wconf 83' lang='lat' dir='ltr'><strong>oratione</strong></span> 
     </span>
     <span class='ocr_line' id='line_1_23' title="bbox 375 3293 1522 3383; baseline -0.003 -20"><span class='ocrx_word' id='word_1_164' title='bbox 375 3298 561 3383; x_wconf 79' lang='lat' dir='ltr'><strong>significans</strong></span> <span class='ocrx_word' id='word_1_165' title='bbox 592 3318 620 3360; x_wconf 90' lang='lat' dir='ltr'><strong>a.</strong></span> <span class='ocrx_word' id='word_1_166' title='bbox 655 3295 741 3360; x_wconf 91' lang='grc'>1689</span> <span class='ocrx_word' id='word_1_167' title='bbox 773 3297 812 3359; x_wconf 85' lang='grc'><strong>(16</strong></span> <span class='ocrx_word' id='word_1_168' title='bbox 841 3294 995 3380; x_wconf 86' lang='lat' dir='ltr'><strong>acquisito</strong></span> <span class='ocrx_word' id='word_1_169' title='bbox 1019 3293 1214 3362; x_wconf 85' lang='lat' dir='ltr'><strong>Britanniae</strong></span> <span class='ocrx_word' id='word_1_170' title='bbox 1245 3318 1363 3382; x_wconf 82' lang='lat' dir='ltr'><strong>regno,</strong></span> <span class='ocrx_word' id='word_1_171' title='bbox 1398 3299 1431 3361; x_wconf 90' lang='lat' dir='ltr'><strong>et</strong></span> <span class='ocrx_word' id='word_1_172' title='bbox 1452 3318 1478 3359; x_wconf 91' lang='lat' dir='ltr'><strong>a.</strong></span> <span class='ocrx_word' id='word_1_173' title='bbox 1518 3319 1522 3327; x_wconf 89' lang='lat'>·</span> 
     </span>
     <span class='ocr_line' id='line_1_24' title="bbox 376 3414 1479 3494; baseline -0.003 -9"><span class='ocrx_word' id='word_1_174' title='bbox 376 3420 463 3485; x_wconf 90' lang='grc'>1690</span> <span class='ocrx_word' id='word_1_175' title='bbox 493 3421 532 3484; x_wconf 94' lang='lat' dir='ltr'><strong>de</strong></span> <span class='ocrx_word' id='word_1_176' title='bbox 560 3415 694 3483; x_wconf 84' lang='lat' dir='ltr'><strong>victoria</strong></span> <span class='ocrx_word' id='word_1_177' title='bbox 723 3414 886 3494; x_wconf 87' lang='lat' dir='ltr'><strong>Hiberna,</strong></span> <span class='ocrx_word' id='word_1_178' title='bbox 916 3416 1056 3482; x_wconf 87' lang='lat' dir='ltr'><strong>dolorem</strong></span> <span class='ocrx_word' id='word_1_179' title='bbox 1086 3439 1161 3482; x_wconf 86' lang='lat' dir='ltr'><strong>vero</strong></span> <span class='ocrx_word' id='word_1_180' title='bbox 1186 3418 1224 3482; x_wconf 93' lang='lat' dir='ltr'><strong>de</strong></span> <span class='ocrx_word' id='word_1_181' title='bbox 1248 3421 1352 3484; x_wconf 88' lang='lat' dir='ltr'><strong>morte</strong></span> <span class='ocrx_word' id='word_1_182' title='bbox 1374 3417 1479 3483; x_wconf 83' lang='lat' dir='ltr'><strong>uxoris</strong></span> 
     </span>
     <span class='ocr_line' id='line_1_25' title="bbox 374 3535 1478 3620; baseline -0.002 -16"><span class='ocrx_word' id='word_1_183' title='bbox 374 3540 494 3604; x_wconf 88' lang='lat' dir='ltr'><strong>Mariae</strong></span> <span class='ocrx_word' id='word_1_184' title='bbox 517 3561 546 3604; x_wconf 89' lang='lat' dir='ltr'><strong>a.</strong></span> <span class='ocrx_word' id='word_1_185' title='bbox 569 3537 670 3617; x_wconf 82' lang='lat'><strong>1695,</strong></span> <span class='ocrx_word' id='word_1_186' title='bbox 695 3559 732 3603; x_wconf 89' lang='lat' dir='ltr'><strong>ac</strong></span> <span class='ocrx_word' id='word_1_187' title='bbox 755 3537 886 3600; x_wconf 88' lang='lat' dir='ltr'><strong>tandem</strong></span> <span class='ocrx_word' id='word_1_188' title='bbox 909 3535 1008 3620; x_wconf 87' lang='lat' dir='ltr'><strong>ipsius</strong></span> <span class='ocrx_word' id='word_1_189' title='bbox 1028 3536 1189 3603; x_wconf 79' lang='lat' dir='ltr'><strong>Guilielmi</strong></span> <span class='ocrx_word' id='word_1_190' title='bbox 1207 3561 1236 3602; x_wconf 88' lang='lat' dir='ltr'><strong>a.</strong></span> <span class='ocrx_word' id='word_1_191' title='bbox 1260 3538 1357 3604; x_wconf 82' lang='lat'>1702.</span> <span class='ocrx_word' id='word_1_192' title='bbox 1382 3538 1478 3603; x_wconf 91' lang='lat' dir='ltr'><strong>Bien-</strong></span> 
     </span>
     <span class='ocr_line' id='line_1_26' title="bbox 373 3657 1477 3744; baseline -0.002 -18"><span class='ocrx_word' id='word_1_193' title='bbox 373 3660 427 3726; x_wconf 90' lang='lat' dir='ltr'><strong>nio</strong></span> <span class='ocrx_word' id='word_1_194' title='bbox 457 3663 532 3725; x_wconf 90' lang='lat' dir='ltr'><strong>ante</strong></span> <span class='ocrx_word' id='word_1_195' title='bbox 564 3658 753 3725; x_wconf 79' lang='lat' dir='ltr'><strong>Guilielmus</strong></span> <span class='ocrx_word' id='word_1_196' title='bbox 784 3657 881 3721; x_wconf 88' lang='lat' dir='ltr'><strong>ctiam</strong></span> <span class='ocrx_word' id='word_1_197' title='bbox 904 3658 1062 3736; x_wconf 86' lang='lat' dir='ltr'><strong>ostendit,</strong></span> <span class='ocrx_word' id='word_1_198' title='bbox 1087 3659 1201 3744; x_wconf 89' lang='lat' dir='ltr'><strong>quanti</strong></span> <span class='ocrx_word' id='word_1_199' title='bbox 1223 3660 1329 3724; x_wconf 89' lang='lat' dir='ltr'><strong>studia</strong></span> <span class='ocrx_word' id='word_1_200' title='bbox 1352 3659 1477 3726; x_wconf 84' lang='lat' dir='ltr'><strong>Acade-</strong></span> 
     </span>
     <span class='ocr_line' id='line_1_27' title="bbox 372 3778 1477 3864; baseline 0 -18"><span class='ocrx_word' id='word_1_201' title='bbox 372 3781 455 3848; x_wconf 93' lang='lat' dir='ltr'><strong>mica</strong></span> <span class='ocrx_word' id='word_1_202' title='bbox 476 3779 618 3864; x_wconf 82' lang='lat' dir='ltr'><strong>Principi</strong></span> <span class='ocrx_word' id='word_1_203' title='bbox 637 3781 781 3864; x_wconf 87' lang='lat' dir='ltr'><strong>putaret,</strong></span> <span class='ocrx_word' id='word_1_204' title='bbox 800 3781 885 3862; x_wconf 93' lang='lat' dir='ltr'><strong>quod</strong></span> <span class='ocrx_word' id='word_1_205' title='bbox 902 3778 1058 3844; x_wconf 91' lang='lat' dir='ltr'><strong>Ioannem</strong></span> <span class='ocrx_word' id='word_1_206' title='bbox 1075 3778 1279 3845; x_wconf 80' lang='lat' dir='ltr'><strong>Guilielmum</strong></span> <span class='ocrx_word' id='word_1_207' title='bbox 1297 3778 1477 3859; x_wconf 86' lang='lat' dir='ltr'><strong>Frisonem,</strong></span> 
     </span>
     <span class='ocr_line' id='line_1_28' title="bbox 370 3898 1477 3985; baseline -0.002 -18"><span class='ocrx_word' id='word_1_208' title='bbox 370 3903 531 3967; x_wconf 83' lang='lat' dir='ltr'><strong>volentem</strong></span> <span class='ocrx_word' id='word_1_209' title='bbox 554 3900 700 3985; x_wconf 89' lang='lat' dir='ltr'><strong>quidem,</strong></span> <span class='ocrx_word' id='word_1_210' title='bbox 730 3898 890 3982; x_wconf 90' lang='lat' dir='ltr'><strong>hortando</strong></span> <span class='ocrx_word' id='word_1_211' title='bbox 913 3903 1024 3964; x_wconf 88' lang='lat' dir='ltr'><strong>tamen</strong></span> <span class='ocrx_word' id='word_1_212' title='bbox 1046 3900 1149 3984; x_wconf 80' lang='lat' dir='ltr'><strong>magis</strong></span> <span class='ocrx_word' id='word_1_213' title='bbox 1172 3900 1318 3984; x_wconf 89' lang='lat' dir='ltr'><strong>impulit,</strong></span> <span class='ocrx_word' id='word_1_214' title='bbox 1343 3903 1381 3964; x_wconf 91' lang='grc'><strong>61</strong></span> <span class='ocrx_word' id='word_1_215' title='bbox 1404 3901 1477 3966; x_wconf 85' lang='grc'>1116-</span> 
     </span>
     <span class='ocr_line' id='line_1_29' title="bbox 369 4019 1475 4104; baseline -0.002 -16"><span class='ocrx_word' id='word_1_216' title='bbox 369 4024 413 4088; x_wconf 90' lang='lat' dir='ltr'><strong>ris</strong></span> <span class='ocrx_word' id='word_1_217' title='bbox 442 4022 567 4087; x_wconf 84' lang='lat' dir='ltr'><strong>naviter</strong></span> <span class='ocrx_word' id='word_1_218' title='bbox 598 4040 727 4104; x_wconf 90' lang='lat' dir='ltr'><strong>operam</strong></span> <span class='ocrx_word' id='word_1_219' title='bbox 754 4022 853 4084; x_wconf 88' lang='lat' dir='ltr'><strong>daret.</strong></span> <span class='ocrx_word' id='word_1_220' title='bbox 900 4019 1006 4098; x_wconf 84' lang='lat' dir='ltr'><strong>Friso,</strong></span> <span class='ocrx_word' id='word_1_221' title='bbox 1037 4024 1074 4085; x_wconf 91' lang='grc'><strong>61</strong></span> <span class='ocrx_word' id='word_1_222' title='bbox 1103 4020 1196 4086; x_wconf 88' lang='lat' dir='ltr'><strong>facilc</strong></span> <span class='ocrx_word' id='word_1_223' title='bbox 1219 4024 1268 4086; x_wconf 90' lang='lat' dir='ltr'><strong>est</strong></span> <span class='ocrx_word' id='word_1_224' title='bbox 1290 4021 1475 4100; x_wconf 89' lang='lat' dir='ltr'><strong>intellectu,</strong></span> 
     </span>
     <span class='ocr_line' id='line_1_30' title="bbox 369 4140 1476 4228; baseline -0.004 -18"><span class='ocrx_word' id='word_1_225' title='bbox 369 4144 622 4228; x_wconf 73' lang='lat' dir='ltr'><strong>l&#39;ranequeram,</strong></span> <span class='ocrx_word' id='word_1_226' title='bbox 654 4140 768 4206; x_wconf 87' lang='lat' dir='ltr'><strong>deinde</strong></span> <span class='ocrx_word' id='word_1_227' title='bbox 792 4140 1004 4205; x_wconf 86' lang='lat' dir='ltr'><strong>Ultraiectum</strong></span> <span class='ocrx_word' id='word_1_228' title='bbox 1026 4141 1129 4226; x_wconf 88' lang='lat' dir='ltr'><strong>petiit.</strong></span> <span class='ocrx_word' id='word_1_229' title='bbox 1177 4141 1268 4217; x_wconf 81' lang='lat' dir='ltr'><strong>Quod</strong></span> <span class='ocrx_word' id='word_1_230' title='bbox 1291 4143 1376 4207; x_wconf 92' lang='lat' dir='ltr'><strong>idem</strong></span> <span class='ocrx_word' id='word_1_231' title='bbox 1400 4141 1476 4208; x_wconf 81' lang='lat' dir='ltr'><strong>fecit</strong></span> 
     </span>
     <span class='ocr_line' id='line_1_31' title="bbox 367 4259 1124 4331; baseline -0.004 0"><span class='ocrx_word' id='word_1_232' title='bbox 367 4265 452 4331; x_wconf 88' lang='lat' dir='ltr'><strong>filius</strong></span> <span class='ocrx_word' id='word_1_233' title='bbox 475 4262 664 4330; x_wconf 83' lang='grc'>(161116111166</span> <span class='ocrx_word' id='word_1_234' title='bbox 688 4260 820 4327; x_wconf 81' lang='lat' dir='ltr'><strong>Carolus</strong></span> <span class='ocrx_word' id='word_1_235' title='bbox 841 4259 1000 4326; x_wconf 88' lang='lat' dir='ltr'><strong>Henricus</strong></span> <span class='ocrx_word' id='word_1_236' title='bbox 1023 4261 1124 4328; x_wconf 88' lang='lat' dir='ltr'><strong>Friso.</strong></span> 
     </span>
    </p>

    <p class='ocr_par' dir='ltr' id='par_1_4' title="bbox 399 4381 1472 4470">
     <span class='ocr_line' id='line_1_32' title="bbox 399 4381 1472 4470; baseline -0.002 -19"><span class='ocrx_word' id='word_1_237' title='bbox 399 4386 532 4470; x_wconf 82' lang='lat' dir='ltr'><strong>Magna</strong></span> <span class='ocrx_word' id='word_1_238' title='bbox 567 4386 599 4448; x_wconf 88' lang='lat' dir='ltr'><strong>et</strong></span> <span class='ocrx_word' id='word_1_239' title='bbox 633 4381 787 4447; x_wconf 86' lang='lat' dir='ltr'><strong>mirabilis</strong></span> <span class='ocrx_word' id='word_1_240' title='bbox 821 4381 885 4445; x_wconf 81' lang='lat' dir='ltr'><strong>fuit</strong></span> <span class='ocrx_word' id='word_1_241' title='bbox 916 4401 983 4445; x_wconf 88' lang='lat' dir='ltr'><strong>sors</strong></span> <span class='ocrx_word' id='word_1_242' title='bbox 1013 4382 1119 4466; x_wconf 82' lang='lat' dir='ltr'><strong>gentis</strong></span> <span class='ocrx_word' id='word_1_243' title='bbox 1151 4381 1353 4448; x_wconf 67' lang='grc'>1166616666.</span> <span class='ocrx_word' id='word_1_244' title='bbox 1400 4385 1472 4470; x_wconf 90' lang='lat' dir='ltr'><strong>Ipse</strong></span> 
     </span>
    </p>
   </div>
   <div class='ocr_carea' id='block_1_3' title="bbox 366 4500 1470 4594">
    <p class='ocr_par' dir='ltr' id='par_1_5' title="bbox 366 4500 1470 4594">
     <span class='ocr_line' id='line_1_33' title="bbox 366 4500 1470 4594; baseline -0.002 -24"><span class='ocrx_word' id='word_1_245' title='bbox 366 4505 452 4570; x_wconf 90' lang='lat' dir='ltr'><strong>Deus</strong></span> <span class='ocrx_word' id='word_1_246' title='bbox 482 4501 691 4570; x_wconf 86' lang='lat' dir='ltr'><strong>Neerlandiae</strong></span> <span class='ocrx_word' id='word_1_247' title='bbox 720 4501 935 4594; x_wconf 71' lang='lat' dir='ltr'><strong>enoptavisse,</strong></span> <span class='ocrx_word' id='word_1_248' title='bbox 967 4505 999 4564; x_wconf 88' lang='lat' dir='ltr'><strong>et</strong></span> <span class='ocrx_word' id='word_1_249' title='bbox 1031 4500 1099 4567; x_wconf 88' lang='lat' dir='ltr'><strong>fata</strong></span> <span class='ocrx_word' id='word_1_250' title='bbox 1129 4501 1294 4587; x_wconf 89' lang='lat' dir='ltr'><strong>utriusque</strong></span> <span class='ocrx_word' id='word_1_251' title='bbox 1326 4503 1372 4569; x_wconf 89' lang='lat' dir='ltr'><strong>sic</strong></span> <span class='ocrx_word' id='word_1_252' title='bbox 1396 4525 1470 4570; x_wconf 89' lang='lat' dir='ltr'><strong>con·</strong></span> 
     </span>
    </p>
   </div>
   <div class='ocr_carea' id='block_1_4' title="bbox 0 0 1686 5300">
    <p class='ocr_par' dir='ltr' id='par_1_6' title="bbox 0 0 1686 5300">
     <span class='ocr_line' id='line_1_34' title="bbox 0 0 1686 5300; baseline 0 9"><span class='ocrx_word' id='word_1_253' title='bbox 0 0 1686 5300; x_wconf 95' lang='lat' dir='ltr'><strong> </strong></span> 
     </span>
    </p>
   </div>
  </div>
 </body>
</html>
