3362 5296
403 480 463 548 208
892 507 1011 556 caemr

439 687 504 760 Hic
526 688 624 760 fidam
644 691 710 756 risu
734 689 846 758 didicit
868 713 1058 778 cognoscere
1081 695 1233 774 matrem,

664 809 758 878 Genu
779 816 913 898 paterno
936 812 989 880 hie
1012 813 1155 879 insidens

439 929 613 1000 Dimidiata
635 933 724 1020 loqui
746 935 780 1000 et
801 955 893 999 voces
915 933 1077 1000 imitantia
1098 934 1211 1019 lingua

666 1055 872 1124 Balbutiente
894 1055 1045 1132 nominem

439 1176 522 1244 Tum
544 1177 649 1244 melin·
671 1198 757 1243 arces
780 1180 813 1241 et
835 1197 953 1261 ponere
975 1178 1095 1254 castra,
1131 1177 1284 1261 tubaeque

666 1297 801 1376 Inflare,
824 1318 959 1386 regnum
983 1297 1107 1375 ludere,

441 1422 578 1508 Iungere
602 1439 698 1484 curru
719 1417 855 1496 hoedos,
879 1440 912 1483 se
935 1418 1079 1502 aurigam
1102 1416 1200 1498 ferre,
1225 1421 1373 1508 voluptas

667 1539 821 1606 Rediture
843 1539 933 1631 nullo
961 1541 1120 1624 tempore!

440 1664 568 1732 Interea
589 1661 718 1750 patulae
739 1661 937 1727 committere
958 1661 1079 1725 semina
1101 1661 1202 1726 menti

668 1781 744 1848 Non
768 1783 918 1847 desinunt
940 1782 1012 1866 piae
1030 1803 1163 1859 manus3

443 1906 587 1985 Semina,
611 1925 692 1988 quae
714 1902 808 1968 flores
831 1903 970 1988 gignant
992 1902 1120 1968 virtutis
1142 1924 1309 1984 amoenos,

672 2024 820 2090 Iucunda
840 2023 1002 2092 fructuum
1029 2024 1146 2090 emina.

432 2148 571 2217 Pulchra
593 2147 677 2225 dies,
701 2145 840 2233 primum
863 2166 926 2230 qua
948 2145 1027 2210 recti
1050 2145 1177 2210 conscia
1199 2147 1318 2212 blando

670 2265 782 2334 Colore
805 2288 895 2332 mens
918 2245 1039 2352 tinguit
1061 2288 1178 2352 genas,

444 2391 552 2478 Atque
574 2391 687 2474 ignota
711 2388 799 2453 sinus
821 2387 977 2472 percurrit
1000 2387 1129 2453 flemma
1150 2391 1342 2470 trementes,

671 2508 737 2575 Ceu
759 2509 841 2573 rima
864 2509 964 2574 nubes
986 2508 1098 2593 ignem

445 2632 584 2700 Pulchre
606 2631 690 2709 dies,
715 2629 793 2694 rude
815 2628 978 2694 Musarum
1000 2651 1081 2715 queo
1102 2633 1213 2714 pectus
1235 2653 1343 2698 amore

670 2750 822 2837 Flagrare
844 2750 1000 2835 conspicit
1020 2773 1123 2830 nor03

446 2873 624 2952 Qua'Deus
646 2877 679 2940 et
700 2873 805 2958 patria
826 2872 1003 2957 incipiunt,
1026 2895 1196 2959 verumque
1220 2875 1404 2961 bonumque

673 2994 791 3061 Sancta
813 3015 880 3058 esse
901 2994 989 3058 cordi
1011 2994 1160 3059 nomina!

448 3117 510 3183 Illa
533 3117 600 3182 dies
622 3113 760 3182 Genium
782 3115 866 3179 laeto
889 3113 1016 3179 deducit
1042 3113 1197 3200 Olympo,

674 3235 788 3303 (iustos
810 3235 913 3302 fidelis
935 3236 976 3300 ad
998 3237 1083 3301 letus

449 3360 510 3435 Qui
533 3361 630 3442 caput
651 3357 728 3422 hinc
749 3357 850 3421 niveis
873 3359 969 3441 atque
991 3357 1066 3422 hine
1090 3358 1325 3445 circumstrepit
1347 3361 1424 3440 alis,

671 3476 856 3542 Monstrans
878 3478 994 3562 pedum
1017 3480 1168 3564 vestigia,

449 3601 500 3668 Ne
522 3602 608 3666 recto
632 3598 780 3664 deflectat
801 3597 863 3663 iter
886 3597 924 3662 de
947 3600 1093 3678 tremite,
1116 3603 1227 3686 raptus

675 3716 875 3803 Contegione
898 3718 1023 3784 saeculi.

450 3842 593 3920 Ofelix‚
617 3839 719 3906 Genio
741 3838 867 3903 facilem
890 3839 944 3924 qui
966 3841 1117 3923 praebeat
1140 3863 1265 3921 aurem,

680 3960 823 4045 Ducique
846 3983 879 4025 se
901 3958 1012 4025 rolens
1034 3962 1135 4026 sinat!

448 4087 534 4163 Quae
557 4082 764 4171 procul.huie
788 4081 872 4146 vitae
894 4080 1013 4146 arridet
1034 4081 1134 4149 felicis
1156 4084 1281 4170 imago,

674 4202 762 4280 Quae
785 4224 856 4286 spes
878 4201 978 4266 futuri
1003 4204 1196 4270 ostenditur!

451 4330 538 4406 Quae
560 4326 657 4392 talem
680 4344 827 4390 auroram
851 4322 988 4407 excipiet
1010 4323 1149 4390 formosa
1172 4326 1255 4406 dies,
1278 4349 1361 4413 quae

677 4445 771 4512 Diem
787 4444 939 4529 sequetur
965 4447 1114 4529 vespera!

759 4659 831 4671 ἶΛ...-

607 4704 696 4742 ‚qr
