3338 5302
371 543 411 608 ‘lo
870 550 978 603 enarro

370 743 413 806 ria
443 760 520 825 ergo
551 761 670 806 nomen
698 738 760 824 ipsi
783 739 956 816 dederunl,
980 737 1111 804 ieriium
1134 738 1239 806 locum
1262 761 1282 806 a
1304 740 1379 810 loce
1398 741 1476 808 insti

370 859 569 928 Professoris.
615 859 656 928 Ia
686 859 747 926 hoc
770 880 900 926 munere
922 880 1050 926 sensnm
1072 862 1105 924 ei
1129 859 1228 926 verba
1249 881 1412 928 sacrorum
1434 864 1475 928 lie

370 984 500 1050 brorum
530 980 809 1067 interpretabatur.
855 979 943 1046 Vioil
965 979 1110 1046 omnium
1133 981 1336 1065 opinionem,
1361 1004 1475 1068 quam·

370 1105 418 1170 via
448 1125 515 1170 non
539 1103 703 1187 exiguam,
727 1100 942 1186 temporisque
966 1100 1166 1185 disciplinam
1190 1101 1285 1167 solita
1307 1103 1370 1188 ipai
1393 1104 1474 1170 cele-

371 1226 465 1290 ritate
493 1223 674 1308 praevertit.
720 1220 839 1286 Deeral
867 1220 969 1304 igitur
999 1242 1066 1287 non
1096 1221 1247 1290 voluntas
1275 1223 1329 1290 sed
1353 1226 1476 1290 occasio

370 1344 503 1429 Borgeri
532 1342 684 1429 ampliore
707 1341 865 1426 digniiele
889 1341 1034 1424 ornandi.
1083 1342 1149 1408 isla
1173 1343 1296 1410 occasio
1319 1344 1477 1412 diffieilior

371 1466 465 1532 eliam
489 1464 575 1530 facia
597 1467 662 1541 eal,
686 1484 749 1548 qno
773 1465 931 1547 tempore,
945 1461 1131 1530 ,Hellandia
1154 1461 1276 1529 Galliae
1295 1466 1476 1549 provincia,

370 1586 542 1652 Academia
576 1583 738 1650 Leidenais
772 1585 895 1667 partem
931 1581 1086 1650 efficiebar
1114 1584 1280 1650 universae
1312 1587 1477 1662 ccdusdam

370 1707 577 1784 Academiae,
601 1727 681 1791 quae
703 1703 927 1789 magnitudine
949 1725 1006 1770 sua
1029 1703 1119 1772 brevi
1139 1705 1316 1779 laborabal.

415 1828 528 1894 Honos
551 1827 693 1912 Borgero
718 1825 924 1891 ooniinualus
947 1827 1012 1902 est,
1036 1824 1225 1909 easdemque
1245 1826 1398 1894 lectiones
1417 1829 1476 1894 ha

370 1950 482 2028 hebal,
517 1951 643 2014 mnialo
678 1946 819 2012 Leolmis
854 1946 984 2012 nomine
1017 1947 1054 2012 in
1086 1945 1287 2014 Adiunctum
1317 1947 1478 2017 Facullcli

371 2070 592 2160 Theologieae.
640 2069 777 2136 Maiores
807 2067 910 2134 noalri
939 2067 1146 2152 appellabant
1174 2067 1389 2152 Professorern
1410 2069 1478 2136 Exn

370 2189 636 2267 inordinatim,
671 2189 805 2256 alienam
840 2211 859 2254 a
895 2209 1018 2256 summo
1052 2189 1169 2258 locam.
1216 2187 1361 2258 Gallicae
1391 2192 1480 2276 leges

371 2311 526 2378 Adiuncli
560 2331 679 2376 nomen
714 2309 811 2394 paulo
846 2310 939 2376 aliter
966 2309 1271 2395 interprelabanlun
1317 2310 1478 2396 Borgerus

373 2455 440 2500 rem
472 2453 598 2498 omnem
628 2431 737 2515 inique
767 2431 860 2509 aunt,
892 2433 924 2498 el
953 2431 1070 2496 inimia
1099 2452 1132 2498 se
1162 2429 1245 2505 affici
1275 2431 1477 2516 cambeiam.

374 2553 446 2620 Hoo
469 2552 524 2638 qui
547 2552 588 2618 ab
611 2573 648 2618 eo
672 2552 793 2621 factum
816 2551 957 2630 nollens,
982 2571 1107 2630 vereor,
1129 2573 1187 2628 ne„
1208 2550 1307 2620 dille
1325 2550 1476 2629 alaeue,

371 2676 458 2741 idem
486 2676 519 2738 el
540 2673 760 2758 impediendus
783 2674 947 2758 aliquanto
970 2673 1129 2738 fecissent.
1175 2670 1275 2753 Dicin
1295 2672 1388 2740 facile
1411 2677 1480 2740 eslr.

373 2796 456 2873 Quid
479 2817 598 2866 nemen
621 2795 773 2870 adrem?
818 2793 862 2862 Ed
885 2794 1063 2880 praeclare,
1087 2795 1124 2861 ul
1146 2793 1270 2871 omnia,
1291 2792 1479 2862 Domiaious

373 2917 533 2994 Bcudiaa,
569 2918 645 2985 ante
679 2915 832 2996 ducendos
867 2918 900 2980 el
933 2915 1069 2983 sedecim
1103 2914 1276 2982 admodum
1310 2936 1415 2982 annos
1443 2915 1480 2982 in

374 3039 483 3107 eadem
505 3037 678 3108 Academia
699 3037 879 3104 Professor:

510 3176 572 3242 Nil
593 3188 682 3241 oraret
700 3176 767 3240 cltc
790 3187 887 3240 meare
907 3176 1070 3263 praeditae
1098 3172 1174 3240 Cato

515 3297 583 3378 Qun
605 3302 672 3364 sede
694 3301 812 3377 ardeae,
842 3323 937 3386 qaam
960 3298 1045 3363 thori
1061 3311 1188 3386 partem
1205 3309 1341 3386 premor

510 3419 587 3486 Non
612 3433 656 3486 eet
679 3422 838 3498 honestae,
866 3432 921 3484 act
944 3443 998 3485 oco
1021 3443 1109 3484 cenea
1127 3432 1255 3508 potens,

512 3543 729 3610 Honestiorem
752 3566 842 3631 qoem
865 3542 946 3607 lomes
967 3543 1084 3606 occeani
1099 3541 1192 3628 facit.

376 3679 437 3748 Sed
468 3679 574 3746 videte
603 3680 683 3745 mihi
712 3680 848 3744 eundem
870 3676 1043 3755 Raudium,
1067 3676 1121 3742 hic
1143 3677 1242 3742 alium
1263 3676 1298 3742 in
1321 3677 1481 3756 versibus,

374 3803 409 3867 in
441 3801 508 3867 vila
538 3801 646 3866 alium.
692 3799 778 3866 Nam
808 3799 886 3884 quid
916 3798 984 3883 ipse
1018 3820 1084 3863 non
1107 3798 1260 3884 lentavit,
1283 3821 1377 3882 quem
1399 3798 1482 3882 lapi-

379 3925 451 3989 dem
481 3945 549 3988 non
575 3922 693 4000 morit,
718 3919 832 4005 quibus
855 3920 1001 4005 precibus
1025 3917 1385 3998 Oldenbarneveldlum,
1409 3919 1483 4004 M‘y·

377 4043 474 4123 lium,
510 4043 659 4109 Grolinm
693 4063 760 4108 non
795 4041 962 4126 fatigavit,
997 4043 1036 4105 ul
1067 4041 1171 4125 ipsum
1202 4063 1221 4105 a
1250 4040 1485 4107 Professoribus

376 4163 645 4232 Exiraordinariis
679 4165 912 4248 segregarent?
962 4160 1122 4246 Borgerus
1155 4161 1255 4246 igitur
1287 4164 1486 4248 consoriplus

377 4287 560 4366 Professor,
585 4284 715 4350 biennio
738 4287 812 4370 posi
834 4305 931 4368 qnam
953 4280 1058 4368 patria
1080 4285 1191 4348 nostra
1213 4283 1262 4348 ius
1284 4305 1376 4348 sunm
1400 4297 1486 4348 rece—

413 4509 459 4559 Nt'l
474 4513 546 4559 curat
562 4511 618 4568 ret)
653 4506 760 4557 Bandim
777 4509 863 4572 Gnom.
882 4507 957 4565 lamb.
976 4505 996 4556 I.
1018 4507 1056 4558 la.
1077 4506 1157 4567 Poem.
1175 4525 1199 4576 p,
1218 4509 1274 4568 ³05.
