<?xml version="1.0" encoding="UTF-8"?>
<!DOCTYPE html PUBLIC "-//W3C//DTD XHTML 1.0 Transitional//EN"
    "http://www.w3.org/TR/xhtml1/DTD/xhtml1-transitional.dtd">
<html xmlns="http://www.w3.org/1999/xhtml" xml:lang="en" lang="en">
 <head>
  <title>
</title>
<meta http-equiv="Content-Type" content="text/html;charset=utf-8" />
  <meta name='ocr-system' content='tesseract 3.04.00' />
  <meta name='ocr-capabilities' content='ocr_page ocr_carea ocr_par ocr_line ocrx_word'/>
</head>
<body>
  <div class='ocr_page' id='page_1' title='image "./opusculaoratori00peergoog/opusculaoratori00peergoog_0069.png"; bbox 0 0 3338 5302; ppageno 0'>
   <div class='ocr_carea' id='block_1_1' title="bbox 822 1437 1053 1527">
    <p class='ocr_par' dir='ltr' id='par_1_1' title="bbox 822 1437 1053 1527">
     <span class='ocr_line' id='line_1_1' title="bbox 822 1437 1053 1527; baseline -0.013 0"><span class='ocrx_word' id='word_1_1' title='bbox 822 1437 1053 1527; x_wconf 83' lang='lat' dir='ltr'><strong>ORATIO</strong></span> 
     </span>
    </p>
   </div>
   <div class='ocr_carea' id='block_1_2' title="bbox 921 1671 955 1706">
    <p class='ocr_par' dir='ltr' id='par_1_2' title="bbox 921 1671 955 1706">
     <span class='ocr_line' id='line_1_2' title="bbox 921 1671 955 1706; baseline 0.029 -1"><span class='ocrx_word' id='word_1_2' title='bbox 921 1671 955 1706; x_wconf 74' lang='lat' dir='ltr'>DE</span> 
     </span>
    </p>
   </div>
   <div class='ocr_carea' id='block_1_3' title="bbox 377 1842 1451 2057">
    <p class='ocr_par' dir='ltr' id='par_1_3' title="bbox 377 1842 1451 2057">
     <span class='ocr_line' id='line_1_3' title="bbox 420 1842 1451 1920; baseline -0.001 -3"><span class='ocrx_word' id='word_1_3' title='bbox 420 1843 696 1920; x_wconf 79' lang='lat' dir='ltr'><strong>PRAEOIPUA</strong></span> <span class='ocrx_word' id='word_1_4' title='bbox 718 1846 841 1920; x_wconf 74' lang='lat' dir='ltr'>Lusa</span> <span class='ocrx_word' id='word_1_5' title='bbox 863 1845 1226 1920; x_wconf 79' lang='lat' dir='ltr'><strong>PROVIDENTIAE</strong></span> <span class='ocrx_word' id='word_1_6' title='bbox 1244 1842 1451 1918; x_wconf 80' lang='lat' dir='ltr'>DIVINAE</span> 
     </span>
     <span class='ocr_line' id='line_1_4' title="bbox 377 1969 1416 2057; baseline -0.004 -11"><span class='ocrx_word' id='word_1_7' title='bbox 377 1997 383 2001; x_wconf 87' lang='lat'>·</span> <span class='ocrx_word' id='word_1_8' title='bbox 465 1972 530 2046; x_wconf 83' lang='lat' dir='ltr'>AB</span> <span class='ocrx_word' id='word_1_9' title='bbox 556 1972 806 2048; x_wconf 81' lang='lat' dir='ltr'>HISTORIOO</span> <span class='ocrx_word' id='word_1_10' title='bbox 832 1973 1047 2048; x_wconf 79' lang='lat' dir='ltr'>DOOTORE</span> <span class='ocrx_word' id='word_1_11' title='bbox 1073 1969 1416 2057; x_wconf 82' lang='lat' dir='ltr'><strong>OBSERVANDA,</strong></span> 
     </span>
    </p>
   </div>
   <div class='ocr_carea' id='block_1_4' title="bbox 644 2207 1233 2245">
    <p class='ocr_par' dir='ltr' id='par_1_4' title="bbox 644 2207 1233 2245">
     <span class='ocr_line' id='line_1_5' title="bbox 644 2207 1233 2245; baseline -0.002 -2"><span class='ocrx_word' id='word_1_12' title='bbox 644 2208 739 2245; x_wconf 68' lang='lat' dir='ltr'>naum</span> <span class='ocrx_word' id='word_1_13' title='bbox 755 2209 847 2245; x_wconf 69' lang='lat' dir='ltr'>muru</span> <span class='ocrx_word' id='word_1_14' title='bbox 862 2209 887 2245; x_wconf 75' lang='lat' dir='ltr'>A.</span> <span class='ocrx_word' id='word_1_15' title='bbox 905 2210 930 2244; x_wconf 84' lang='lat' dir='ltr'>D.</span> <span class='ocrx_word' id='word_1_16' title='bbox 948 2208 990 2244; x_wconf 79' lang='lat' dir='ltr'>XV.</span> <span class='ocrx_word' id='word_1_17' title='bbox 1009 2207 1071 2243; x_wconf 76' lang='lat' dir='ltr'>mun</span> <span class='ocrx_word' id='word_1_18' title='bbox 1088 2207 1233 2244; x_wconf 71' lang='lat' dir='ltr'>mccxxu.</span> 
     </span>
    </p>
   </div>
   <div class='ocr_carea' id='block_1_5' title="bbox 402 2381 1473 2542">
    <p class='ocr_par' dir='ltr' id='par_1_5' title="bbox 402 2381 1473 2542">
     <span class='ocr_line' id='line_1_6' title="bbox 402 2381 1473 2433; baseline -0.004 0"><span class='ocrx_word' id='word_1_19' title='bbox 402 2383 446 2433; x_wconf 79' lang='lat' dir='ltr'>AD</span> <span class='ocrx_word' id='word_1_20' title='bbox 460 2383 700 2433; x_wconf 77' lang='lat' dir='ltr'>AUSPICANDAM</span> <span class='ocrx_word' id='word_1_21' title='bbox 711 2383 965 2432; x_wconf 73' lang='lat' dir='ltr'>Fumosorfflnu</span> <span class='ocrx_word' id='word_1_22' title='bbox 976 2381 1208 2432; x_wconf 70' lang='lat' dir='ltr'>unnoau&#39;flcnn</span> <span class='ocrx_word' id='word_1_23' title='bbox 1221 2381 1262 2430; x_wconf 80' lang='grc' dir='ltr'>ΕΤ</span> <span class='ocrx_word' id='word_1_24' title='bbox 1275 2381 1473 2430; x_wconf 75' lang='lat' dir='ltr'><strong>LITERARUM</strong></span> 
     </span>
     <span class='ocr_line' id='line_1_7' title="bbox 558 2479 1411 2542; baseline -0.002 -12"><span class='ocrx_word' id='word_1_25' title='bbox 558 2481 802 2532; x_wconf 80' lang='lat' dir='ltr'><strong>HUMANIORUM</strong></span> <span class='ocrx_word' id='word_1_26' title='bbox 818 2480 1073 2532; x_wconf 68' lang='lat' dir='ltr'>Puouumlouum</span> <span class='ocrx_word' id='word_1_27' title='bbox 1091 2479 1317 2529; x_wconf 78' lang='lat' dir='ltr'>ORDINARIAM.</span> <span class='ocrx_word' id='word_1_28' title='bbox 1410 2539 1411 2542; x_wconf 8' lang='grc' dir='ltr'><strong>Ἴ</strong></span> 
     </span>
    </p>
   </div>
   <div class='ocr_carea' id='block_1_6' title="bbox 386 2845 1494 3054">
    <p class='ocr_par' dir='ltr' id='par_1_6' title="bbox 386 2845 1494 3054">
     <span class='ocr_line' id='line_1_8' title="bbox 432 2845 1493 2932; baseline -0.002 -20"><span class='ocrx_word' id='word_1_29' title='bbox 432 2847 561 2924; x_wconf 80' lang='lat' dir='ltr'>Quoties</span> <span class='ocrx_word' id='word_1_30' title='bbox 592 2867 651 2932; x_wconf 81' lang='lat' dir='ltr'>ego</span> <span class='ocrx_word' id='word_1_31' title='bbox 678 2847 764 2912; x_wconf 83' lang='lat' dir='ltr'>faeta</span> <span class='ocrx_word' id='word_1_32' title='bbox 787 2849 819 2912; x_wconf 86' lang='lat' dir='ltr'>et</span> <span class='ocrx_word' id='word_1_33' title='bbox 841 2845 1006 2912; x_wconf 83' lang='lat' dir='ltr'>fortunam</span> <span class='ocrx_word' id='word_1_34' title='bbox 1029 2846 1229 2932; x_wconf 78' lang='lat' dir='ltr'>singulorum</span> <span class='ocrx_word' id='word_1_35' title='bbox 1252 2845 1419 2911; x_wconf 91' lang='lat' dir='ltr'>hominum</span> <span class='ocrx_word' id='word_1_36' title='bbox 1441 2845 1456 2910; x_wconf 76' lang='lat' dir='ltr'><strong>f</strong></span> <span class='ocrx_word' id='word_1_37' title='bbox 1476 2883 1493 2896; x_wconf 93' lang='lat'>-</span> 
     </span>
     <span class='ocr_line' id='line_1_9' title="bbox 386 2967 1494 3054; baseline -0.002 -21"><span class='ocrx_word' id='word_1_38' title='bbox 386 2968 609 3054; x_wconf 87' lang='lat' dir='ltr'>miliarumque</span> <span class='ocrx_word' id='word_1_39' title='bbox 639 2967 856 3053; x_wconf 80' lang='lat' dir='ltr'>contemplor,</span> <span class='ocrx_word' id='word_1_40' title='bbox 889 2971 922 3032; x_wconf 88' lang='lat' dir='ltr'>et</span> <span class='ocrx_word' id='word_1_41' title='bbox 952 2968 994 3032; x_wconf 89' lang='lat' dir='ltr'>ab</span> <span class='ocrx_word' id='word_1_42' title='bbox 1024 2967 1075 3032; x_wconf 93' lang='lat' dir='ltr'>his</span> <span class='ocrx_word' id='word_1_43' title='bbox 1107 2967 1250 3032; x_wconf 89' lang='lat' dir='ltr'>animum</span> <span class='ocrx_word' id='word_1_44' title='bbox 1281 2970 1322 3032; x_wconf 88' lang='lat' dir='ltr'>ad</span> <span class='ocrx_word' id='word_1_45' title='bbox 1353 2967 1494 3032; x_wconf 79' lang='lat' dir='ltr'>diversos</span> 
     </span>
    </p>
   </div>
   <div class='ocr_carea' id='block_1_7' title="bbox 386 3086 1494 3177">
    <p class='ocr_par' dir='ltr' id='par_1_7' title="bbox 386 3086 1494 3177">
     <span class='ocr_line' id='line_1_10' title="bbox 386 3086 1494 3177; baseline -0.005 -21"><span class='ocrx_word' id='word_1_46' title='bbox 386 3090 521 3177; x_wconf 90' lang='lat' dir='ltr'>populos</span> <span class='ocrx_word' id='word_1_47' title='bbox 544 3093 692 3168; x_wconf 83' lang='lat' dir='ltr'>adverto,</span> <span class='ocrx_word' id='word_1_48' title='bbox 717 3111 754 3154; x_wconf 86' lang='lat' dir='ltr'>ao</span> <span class='ocrx_word' id='word_1_49' title='bbox 776 3092 882 3154; x_wconf 90' lang='lat' dir='ltr'>totum</span> <span class='ocrx_word' id='word_1_50' title='bbox 905 3089 1042 3173; x_wconf 89' lang='lat' dir='ltr'>denique</span> <span class='ocrx_word' id='word_1_51' title='bbox 1064 3108 1166 3172; x_wconf 84' lang='lat' dir='ltr'>genus</span> <span class='ocrx_word' id='word_1_52' title='bbox 1188 3086 1365 3152; x_wconf 90' lang='lat' dir='ltr'>humanum</span> <span class='ocrx_word' id='word_1_53' title='bbox 1385 3089 1494 3152; x_wconf 88' lang='lat' dir='ltr'>mente</span> 
     </span>
    </p>
   </div>
   <div class='ocr_carea' id='block_1_8' title="bbox 386 3208 1500 4630">
    <p class='ocr_par' dir='ltr' id='par_1_8' title="bbox 386 3208 1495 3517">
     <span class='ocr_line' id='line_1_11' title="bbox 386 3208 1495 3298; baseline -0.004 -22"><span class='ocrx_word' id='word_1_54' title='bbox 386 3214 420 3276; x_wconf 89' lang='lat' dir='ltr'>et</span> <span class='ocrx_word' id='word_1_55' title='bbox 453 3213 648 3298; x_wconf 78' lang='lat' dir='ltr'>cogitatione</span> <span class='ocrx_word' id='word_1_56' title='bbox 682 3210 896 3296; x_wconf 82' lang='lat' dir='ltr'>eompleutor,</span> <span class='ocrx_word' id='word_1_57' title='bbox 936 3209 1032 3274; x_wconf 83' lang='lat' dir='ltr'>toties</span> <span class='ocrx_word' id='word_1_58' title='bbox 1066 3230 1117 3273; x_wconf 91' lang='lat' dir='ltr'>me</span> <span class='ocrx_word' id='word_1_59' title='bbox 1149 3209 1260 3273; x_wconf 83' lang='lat' dir='ltr'>divina</span> <span class='ocrx_word' id='word_1_60' title='bbox 1293 3208 1495 3294; x_wconf 84' lang='lat' dir='ltr'>providentia</span> 
     </span>
     <span class='ocr_line' id='line_1_12' title="bbox 387 3330 1494 3413; baseline -0.004 -17"><span class='ocrx_word' id='word_1_61' title='bbox 387 3333 523 3398; x_wconf 87' lang='lat' dir='ltr'>adeoin</span> <span class='ocrx_word' id='word_1_62' title='bbox 545 3332 594 3396; x_wconf 90' lang='lat' dir='ltr'>sui</span> <span class='ocrx_word' id='word_1_63' title='bbox 617 3330 860 3397; x_wconf 74' lang='lat' dir='ltr'><strong>admirationem</strong></span> <span class='ocrx_word' id='word_1_64' title='bbox 882 3331 984 3413; x_wconf 81' lang='lat' dir='ltr'>rapit,</span> <span class='ocrx_word' id='word_1_65' title='bbox 1009 3331 1047 3392; x_wconf 90' lang='lat' dir='ltr'>ut</span> <span class='ocrx_word' id='word_1_66' title='bbox 1068 3351 1139 3394; x_wconf 89' lang='lat' dir='ltr'>eam</span> <span class='ocrx_word' id='word_1_67' title='bbox 1162 3330 1215 3413; x_wconf 88' lang='lat' dir='ltr'>pie</span> <span class='ocrx_word' id='word_1_68' title='bbox 1237 3351 1369 3395; x_wconf 81' lang='lat' dir='ltr'>venerer</span> <span class='ocrx_word' id='word_1_69' title='bbox 1391 3332 1425 3394; x_wconf 88' lang='lat' dir='ltr'>et</span> <span class='ocrx_word' id='word_1_70' title='bbox 1441 3332 1494 3392; x_wconf 88' lang='lat' dir='ltr'>ta-</span> 
     </span>
     <span class='ocr_line' id='line_1_13' title="bbox 387 3452 609 3517; baseline -0.005 -2"><span class='ocrx_word' id='word_1_71' title='bbox 387 3452 449 3517; x_wconf 79' lang='lat' dir='ltr'>cite</span> <span class='ocrx_word' id='word_1_72' title='bbox 471 3452 609 3517; x_wconf 87' lang='lat' dir='ltr'>adorem.</span> 
     </span>
    </p>

    <p class='ocr_par' dir='ltr' id='par_1_9' title="bbox 387 3571 1495 3900">
     <span class='ocr_line' id='line_1_14' title="bbox 433 3571 1495 3659; baseline -0.002 -21"><span class='ocrx_word' id='word_1_73' title='bbox 433 3572 614 3638; x_wconf 85' lang='lat' dir='ltr'>Laudamus</span> <span class='ocrx_word' id='word_1_74' title='bbox 648 3595 757 3638; x_wconf 85' lang='lat' dir='ltr'>euram</span> <span class='ocrx_word' id='word_1_75' title='bbox 791 3571 1056 3656; x_wconf 76' lang='lat' dir='ltr'>prudentiamque</span> <span class='ocrx_word' id='word_1_76' title='bbox 1087 3571 1163 3638; x_wconf 85' lang='lat' dir='ltr'>boni</span> <span class='ocrx_word' id='word_1_77' title='bbox 1195 3573 1312 3659; x_wconf 87' lang='lat' dir='ltr'>patris,</span> <span class='ocrx_word' id='word_1_78' title='bbox 1342 3573 1400 3656; x_wconf 88' lang='lat' dir='ltr'>qui</span> <span class='ocrx_word' id='word_1_79' title='bbox 1430 3572 1495 3636; x_wconf 86' lang='lat' dir='ltr'>fre-</span> 
     </span>
     <span class='ocr_line' id='line_1_15' title="bbox 387 3692 1495 3782; baseline -0.003 -21"><span class='ocrx_word' id='word_1_80' title='bbox 387 3698 537 3782; x_wconf 83' lang='lat' dir='ltr'>quentem</span> <span class='ocrx_word' id='word_1_81' title='bbox 572 3695 702 3759; x_wconf 89' lang='lat' dir='ltr'>domum</span> <span class='ocrx_word' id='word_1_82' title='bbox 737 3697 770 3758; x_wconf 89' lang='lat' dir='ltr'>et</span> <span class='ocrx_word' id='word_1_83' title='bbox 804 3693 892 3758; x_wconf 82' lang='lat' dir='ltr'>varia</span> <span class='ocrx_word' id='word_1_84' title='bbox 924 3692 1097 3758; x_wconf 87' lang='lat' dir='ltr'>liberorum</span> <span class='ocrx_word' id='word_1_85' title='bbox 1128 3694 1260 3779; x_wconf 84' lang='lat' dir='ltr'>ingenia</span> <span class='ocrx_word' id='word_1_86' title='bbox 1289 3695 1363 3778; x_wconf 86' lang='lat' dir='ltr'>apte</span> <span class='ocrx_word' id='word_1_87' title='bbox 1392 3693 1495 3778; x_wconf 82' lang='lat' dir='ltr'>regit,</span> 
     </span>
     <span class='ocr_line' id='line_1_16' title="bbox 388 3814 1275 3900; baseline -0.002 -20"><span class='ocrx_word' id='word_1_88' title='bbox 388 3819 661 3900; x_wconf 70' lang='lat' dir='ltr'>temperatamque</span> <span class='ocrx_word' id='word_1_89' title='bbox 683 3814 768 3880; x_wconf 80' lang='lat' dir='ltr'>dulci</span> <span class='ocrx_word' id='word_1_90' title='bbox 791 3836 898 3880; x_wconf 87' lang='lat' dir='ltr'>amore</span> <span class='ocrx_word' id='word_1_91' title='bbox 921 3815 1112 3900; x_wconf 81' lang='lat' dir='ltr'>gravitatem</span> <span class='ocrx_word' id='word_1_92' title='bbox 1135 3814 1275 3880; x_wconf 85' lang='lat' dir='ltr'>adhibet.</span> 
     </span>
    </p>

    <p class='ocr_par' dir='ltr' id='par_1_10' title="bbox 409 3935 791 4000">
     <span class='ocr_line' id='line_1_17' title="bbox 409 3935 791 4000; baseline -0.005 0"><span class='ocrx_word' id='word_1_93' title='bbox 409 3984 412 3990; x_wconf 84' lang='lat'><em>-</em></span> <span class='ocrx_word' id='word_1_94' title='bbox 478 3935 593 4000; x_wconf 85' lang='lat' dir='ltr'>Merito</span> <span class='ocrx_word' id='word_1_95' title='bbox 615 3935 791 4000; x_wconf 86' lang='lat' dir='ltr'>laudamus.</span> 
     </span>
    </p>

    <p class='ocr_par' dir='ltr' id='par_1_11' title="bbox 388 4056 1497 4364">
     <span class='ocr_line' id='line_1_18' title="bbox 434 4056 1497 4144; baseline 0.002 -22"><span class='ocrx_word' id='word_1_96' title='bbox 434 4056 629 4141; x_wconf 78' lang='lat' dir='ltr'>Suspioimus</span> <span class='ocrx_word' id='word_1_97' title='bbox 661 4056 815 4141; x_wconf 87' lang='lat' dir='ltr'>prinoipis</span> <span class='ocrx_word' id='word_1_98' title='bbox 838 4057 874 4121; x_wconf 91' lang='lat' dir='ltr'>iu</span> <span class='ocrx_word' id='word_1_99' title='bbox 897 4057 1026 4122; x_wconf 77' lang='lat' dir='ltr'>civitate</span> <span class='ocrx_word' id='word_1_100' title='bbox 1049 4056 1108 4121; x_wconf 87' lang='lat' dir='ltr'>viri</span> <span class='ocrx_word' id='word_1_101' title='bbox 1132 4058 1339 4142; x_wconf 81' lang='lat' dir='ltr'>sapientiam,</span> <span class='ocrx_word' id='word_1_102' title='bbox 1363 4059 1436 4144; x_wconf 88' lang='lat' dir='ltr'>qui,</span> <span class='ocrx_word' id='word_1_103' title='bbox 1461 4059 1497 4124; x_wconf 88' lang='lat' dir='ltr'>in</span> 
     </span>
     <span class='ocr_line' id='line_1_19' title="bbox 388 4176 1497 4265; baseline 0.001 -21"><span class='ocrx_word' id='word_1_104' title='bbox 388 4179 481 4244; x_wconf 84' lang='lat' dir='ltr'>tanta</span> <span class='ocrx_word' id='word_1_105' title='bbox 502 4176 680 4241; x_wconf 85' lang='lat' dir='ltr'>studiorum</span> <span class='ocrx_word' id='word_1_106' title='bbox 703 4199 740 4240; x_wconf 88' lang='lat' dir='ltr'>ao</span> <span class='ocrx_word' id='word_1_107' title='bbox 764 4177 969 4242; x_wconf 84' lang='lat' dir='ltr'>voluntatum</span> <span class='ocrx_word' id='word_1_108' title='bbox 994 4177 1194 4255; x_wconf 84' lang='lat' dir='ltr'>diversitate,</span> <span class='ocrx_word' id='word_1_109' title='bbox 1218 4179 1264 4243; x_wconf 87' lang='lat' dir='ltr'>rei</span> <span class='ocrx_word' id='word_1_110' title='bbox 1284 4178 1416 4244; x_wconf 82' lang='lat' dir='ltr'>alieuius</span> <span class='ocrx_word' id='word_1_111' title='bbox 1436 4203 1497 4265; x_wconf 93' lang='lat' dir='ltr'>pu·</span> 
     </span>
     <span class='ocr_line' id='line_1_20' title="bbox 389 4297 1072 4364; baseline 0 -2"><span class='ocrx_word' id='word_1_112' title='bbox 389 4299 491 4364; x_wconf 86' lang='lat' dir='ltr'>blioae</span> <span class='ocrx_word' id='word_1_113' title='bbox 514 4297 715 4364; x_wconf 73' lang='lat' dir='ltr'>concordiam</span> <span class='ocrx_word' id='word_1_114' title='bbox 740 4301 773 4362; x_wconf 89' lang='lat' dir='ltr'>et</span> <span class='ocrx_word' id='word_1_115' title='bbox 795 4299 931 4363; x_wconf 86' lang='lat' dir='ltr'>salutem</span> <span class='ocrx_word' id='word_1_116' title='bbox 955 4301 1072 4362; x_wconf 86' lang='lat' dir='ltr'>tuetur.</span> 
     </span>
    </p>

    <p class='ocr_par' dir='ltr' id='par_1_12' title="bbox 435 4418 1500 4630">
     <span class='ocr_line' id='line_1_21' title="bbox 480 4418 924 4506; baseline -0.007 -20"><span class='ocrx_word' id='word_1_117' title='bbox 480 4420 611 4486; x_wconf 78' lang='lat' dir='ltr'>Summo</span> <span class='ocrx_word' id='word_1_118' title='bbox 635 4418 704 4484; x_wconf 85' lang='lat' dir='ltr'>iure</span> <span class='ocrx_word' id='word_1_119' title='bbox 728 4420 924 4506; x_wconf 75' lang='lat' dir='ltr'>suspicimus.</span> 
     </span>
     <span class='ocr_line' id='line_1_22' title="bbox 435 4540 1500 4630; baseline 0.006 -25"><span class='ocrx_word' id='word_1_120' title='bbox 435 4540 496 4606; x_wconf 73' lang='lat' dir='ltr'>sed</span> <span class='ocrx_word' id='word_1_121' title='bbox 526 4540 658 4604; x_wconf 87' lang='lat' dir='ltr'>ubinam</span> <span class='ocrx_word' id='word_1_122' title='bbox 685 4541 831 4626; x_wconf 84' lang='lat' dir='ltr'>gentium</span> <span class='ocrx_word' id='word_1_123' title='bbox 854 4562 892 4607; x_wconf 88' lang='lat' dir='ltr'>ao</span> <span class='ocrx_word' id='word_1_124' title='bbox 915 4543 1072 4606; x_wconf 86' lang='lat' dir='ltr'>terrarum</span> <span class='ocrx_word' id='word_1_125' title='bbox 1094 4541 1157 4607; x_wconf 76' lang='lat' dir='ltr'>fuit</span> <span class='ocrx_word' id='word_1_126' title='bbox 1179 4544 1233 4608; x_wconf 88' lang='lat' dir='ltr'>ille</span> <span class='ocrx_word' id='word_1_127' title='bbox 1256 4544 1419 4622; x_wconf 85' lang='lat' dir='ltr'>mortalis,</span> <span class='ocrx_word' id='word_1_128' title='bbox 1444 4545 1500 4630; x_wconf 88' lang='lat' dir='ltr'>qui</span> 
     </span>
    </p>
   </div>
   <div class='ocr_carea' id='block_1_9' title="bbox 0 0 1683 5300">
    <p class='ocr_par' dir='ltr' id='par_1_13' title="bbox 0 0 1683 5300">
     <span class='ocr_line' id='line_1_23' title="bbox 0 0 1683 5300; baseline 0 0"><span class='ocrx_word' id='word_1_129' title='bbox 0 0 1683 5300; x_wconf 95' lang='lat' dir='ltr'> </span> 
     </span>
    </p>
   </div>
  </div>
 </body>
</html>
