<?xml version="1.0" encoding="UTF-8"?>
<!DOCTYPE html PUBLIC "-//W3C//DTD XHTML 1.0 Transitional//EN"
    "http://www.w3.org/TR/xhtml1/DTD/xhtml1-transitional.dtd">
<html xmlns="http://www.w3.org/1999/xhtml" xml:lang="en" lang="en">
 <head>
  <title>
</title>
<meta http-equiv="Content-Type" content="text/html;charset=utf-8" />
  <meta name='ocr-system' content='tesseract 3.04.00' />
  <meta name='ocr-capabilities' content='ocr_page ocr_carea ocr_par ocr_line ocrx_word'/>
</head>
<body>
  <div class='ocr_page' id='page_1' title='image "./opusculaoratori00peergoog/opusculaoratori00peergoog_0227.png"; bbox 0 0 3362 5296; ppageno 0'>
   <div class='ocr_carea' id='block_1_1' title="bbox 786 562 1183 610">
    <p class='ocr_par' dir='ltr' id='par_1_1' title="bbox 786 562 1183 610">
     <span class='ocr_line' id='line_1_1' title="bbox 786 562 1183 610; baseline 0.005 -3"><span class='ocrx_word' id='word_1_1' title='bbox 786 563 891 610; x_wconf 77' lang='lat' dir='ltr'>Novum</span> <span class='ocrx_word' id='word_1_2' title='bbox 911 562 1032 610; x_wconf 74' lang='lat' dir='ltr'>GARMEN</span> <span class='ocrx_word' id='word_1_3' title='bbox 1052 562 1183 610; x_wconf 68' lang='lat' dir='ltr'>motuum</span> 
     </span>
    </p>
   </div>
   <div class='ocr_carea' id='block_1_2' title="bbox 501 714 1412 1681">
    <p class='ocr_par' dir='ltr' id='par_1_2' title="bbox 501 714 1412 1681">
     <span class='ocr_line' id='line_1_2' title="bbox 502 714 1412 834; baseline 0.01 -28"><span class='ocrx_word' id='word_1_4' title='bbox 502 714 623 809; x_wconf 84' lang='lat' dir='ltr'>Rursus</span> <span class='ocrx_word' id='word_1_5' title='bbox 646 743 735 810; x_wconf 85' lang='lat' dir='ltr'>adest</span> <span class='ocrx_word' id='word_1_6' title='bbox 758 746 873 811; x_wconf 88' lang='lat' dir='ltr'>animis</span> <span class='ocrx_word' id='word_1_7' title='bbox 896 749 1048 834; x_wconf 85' lang='lat' dir='ltr'>antiquus</span> <span class='ocrx_word' id='word_1_8' title='bbox 1069 749 1105 812; x_wconf 91' lang='lat' dir='ltr'>iu</span> <span class='ocrx_word' id='word_1_9' title='bbox 1128 749 1276 814; x_wconf 86' lang='lat' dir='ltr'>omnibus</span> <span class='ocrx_word' id='word_1_10' title='bbox 1300 750 1412 830; x_wconf 90' lang='lat' dir='ltr'>ardor,</span> 
     </span>
     <span class='ocr_line' id='line_1_3' title="bbox 591 864 1265 951; baseline 0.007 -22"><span class='ocrx_word' id='word_1_11' title='bbox 591 864 653 929; x_wconf 90' lang='lat' dir='ltr'>Pro</span> <span class='ocrx_word' id='word_1_12' title='bbox 676 867 782 951; x_wconf 90' lang='lat' dir='ltr'>patria</span> <span class='ocrx_word' id='word_1_13' title='bbox 804 868 887 933; x_wconf 88' lang='lat' dir='ltr'>nulli</span> <span class='ocrx_word' id='word_1_14' title='bbox 910 869 1035 949; x_wconf 82' lang='lat' dir='ltr'>cedere,</span> <span class='ocrx_word' id='word_1_15' title='bbox 1060 870 1152 934; x_wconf 90' lang='lat' dir='ltr'>dulce</span> <span class='ocrx_word' id='word_1_16' title='bbox 1175 871 1265 934; x_wconf 89' lang='lat' dir='ltr'>mori.</span> 
     </span>
     <span class='ocr_line' id='line_1_4' title="bbox 501 986 1325 1076; baseline 0.006 -26"><span class='ocrx_word' id='word_1_17' title='bbox 501 986 570 1050; x_wconf 90' lang='lat' dir='ltr'>Iam</span> <span class='ocrx_word' id='word_1_18' title='bbox 593 988 734 1073; x_wconf 84' lang='lat' dir='ltr'>trepidas</span> <span class='ocrx_word' id='word_1_19' title='bbox 756 991 859 1074; x_wconf 89' lang='lat' dir='ltr'>aperit</span> <span class='ocrx_word' id='word_1_20' title='bbox 881 991 1010 1055; x_wconf 88' lang='lat' dir='ltr'>turbata</span> <span class='ocrx_word' id='word_1_21' title='bbox 1033 990 1176 1056; x_wconf 84' lang='lat' dir='ltr'>Lovania</span> <span class='ocrx_word' id='word_1_22' title='bbox 1198 994 1325 1076; x_wconf 86' lang='lat' dir='ltr'>portas:</span> 
     </span>
     <span class='ocr_line' id='line_1_5' title="bbox 591 1108 1316 1198; baseline 0.008 -25"><span class='ocrx_word' id='word_1_23' title='bbox 591 1108 635 1174; x_wconf 82' lang='lat' dir='ltr'>Et</span> <span class='ocrx_word' id='word_1_24' title='bbox 662 1112 777 1176; x_wconf 79' lang='lat' dir='ltr'>celeres</span> <span class='ocrx_word' id='word_1_25' title='bbox 800 1115 907 1176; x_wconf 84' lang='lat' dir='ltr'>tentat</span> <span class='ocrx_word' id='word_1_26' title='bbox 928 1134 984 1176; x_wconf 84' lang='lat' dir='ltr'>rex</span> <span class='ocrx_word' id='word_1_27' title='bbox 1006 1112 1184 1196; x_wconf 85' lang='lat' dir='ltr'>Leopoldus</span> <span class='ocrx_word' id='word_1_28' title='bbox 1208 1135 1316 1198; x_wconf 88' lang='lat' dir='ltr'>equos.</span> 
     </span>
     <span class='ocr_line' id='line_1_6' title="bbox 501 1227 1268 1316; baseline 0.004 -22"><span class='ocrx_word' id='word_1_29' title='bbox 501 1227 617 1294; x_wconf 84' lang='lat' dir='ltr'>Vicino</span> <span class='ocrx_word' id='word_1_30' title='bbox 641 1230 791 1296; x_wconf 83' lang='lat' dir='ltr'>Bruxella</span> <span class='ocrx_word' id='word_1_31' title='bbox 814 1234 922 1316; x_wconf 75' lang='lat' dir='ltr'>stupet</span> <span class='ocrx_word' id='word_1_32' title='bbox 944 1233 1106 1297; x_wconf 88' lang='lat' dir='ltr'>malesana</span> <span class='ocrx_word' id='word_1_33' title='bbox 1128 1233 1268 1298; x_wconf 83' lang='lat' dir='ltr'>Batavo:</span> 
     </span>
     <span class='ocr_line' id='line_1_7' title="bbox 590 1350 1278 1438; baseline 0 -22"><span class='ocrx_word' id='word_1_34' title='bbox 590 1350 665 1416; x_wconf 88' lang='lat' dir='ltr'>Una</span> <span class='ocrx_word' id='word_1_35' title='bbox 687 1353 723 1416; x_wconf 92' lang='lat' dir='ltr'>iu</span> <span class='ocrx_word' id='word_1_36' title='bbox 746 1353 876 1418; x_wconf 86' lang='lat' dir='ltr'>victorie</span> <span class='ocrx_word' id='word_1_37' title='bbox 900 1375 970 1438; x_wconf 77' lang='lat' dir='ltr'>spes</span> <span class='ocrx_word' id='word_1_38' title='bbox 992 1353 1137 1418; x_wconf 84' lang='lat' dir='ltr'>bonitate</span> <span class='ocrx_word' id='word_1_39' title='bbox 1160 1358 1278 1418; x_wconf 87' lang='lat' dir='ltr'>manet.</span> 
     </span>
     <span class='ocr_line' id='line_1_8' title="bbox 501 1471 1395 1558; baseline 0.004 -23"><span class='ocrx_word' id='word_1_40' title='bbox 501 1471 597 1536; x_wconf 85' lang='lat' dir='ltr'>Flent</span> <span class='ocrx_word' id='word_1_41' title='bbox 619 1472 738 1558; x_wconf 80' lang='lat' dir='ltr'>Belgae</span> <span class='ocrx_word' id='word_1_42' title='bbox 760 1478 798 1538; x_wconf 91' lang='lat' dir='ltr'>ut</span> <span class='ocrx_word' id='word_1_43' title='bbox 820 1475 927 1558; x_wconf 89' lang='lat' dir='ltr'>pueri,</span> <span class='ocrx_word' id='word_1_44' title='bbox 952 1475 1039 1539; x_wconf 91' lang='lat' dir='ltr'>dictu</span> <span class='ocrx_word' id='word_1_45' title='bbox 1062 1475 1256 1553; x_wconf 79' lang='lat' dir='ltr'>miserabile,</span> <span class='ocrx_word' id='word_1_46' title='bbox 1279 1475 1395 1553; x_wconf 92' lang='lat' dir='ltr'>inulti,</span> 
     </span>
     <span class='ocr_line' id='line_1_9' title="bbox 590 1593 1302 1681; baseline 0.003 -23"><span class='ocrx_word' id='word_1_47' title='bbox 590 1593 716 1659; x_wconf 77' lang='lat' dir='ltr'>Territa</span> <span class='ocrx_word' id='word_1_48' title='bbox 737 1595 776 1660; x_wconf 88' lang='lat' dir='ltr'>de</span> <span class='ocrx_word' id='word_1_49' title='bbox 799 1600 908 1660; x_wconf 90' lang='lat' dir='ltr'>mento</span> <span class='ocrx_word' id='word_1_50' title='bbox 931 1597 1031 1660; x_wconf 87' lang='lat' dir='ltr'>barba</span> <span class='ocrx_word' id='word_1_51' title='bbox 1054 1599 1185 1681; x_wconf 89' lang='lat' dir='ltr'>repente</span> <span class='ocrx_word' id='word_1_52' title='bbox 1208 1595 1302 1660; x_wconf 91' lang='lat' dir='ltr'>cadit.</span> 
     </span>
    </p>
   </div>
   <div class='ocr_carea' id='block_1_3' title="bbox 499 1698 1195 1802">
    <p class='ocr_par' dir='ltr' id='par_1_3' title="bbox 499 1698 1195 1802">
     <span class='ocr_line' id='line_1_10' title="bbox 499 1698 1195 1802; baseline 0.006 -24"><span class='ocrx_word' id='word_1_53' title='bbox 499 1712 544 1778; x_wconf 82' lang='lat' dir='ltr'>Et</span> <span class='ocrx_word' id='word_1_54' title='bbox 565 1714 734 1781; x_wconf 88' lang='lat' dir='ltr'>Iacobinos</span> <span class='ocrx_word' id='word_1_55' title='bbox 756 1716 860 1782; x_wconf 87' lang='lat' dir='ltr'>lacero</span> <span class='ocrx_word' id='word_1_56' title='bbox 884 1698 1032 1782; x_wconf 85' lang='lat' dir='ltr'>decrine</span> <span class='ocrx_word' id='word_1_57' title='bbox 1055 1717 1195 1802; x_wconf 81' lang='lat' dir='ltr'>galeros,</span> 
     </span>
    </p>
   </div>
   <div class='ocr_carea' id='block_1_4' title="bbox 496 1835 1454 3013">
    <p class='ocr_par' dir='ltr' id='par_1_4' title="bbox 595 1835 1285 1934">
     <span class='ocr_line' id='line_1_11' title="bbox 595 1835 1285 1934; baseline 0 -32"><span class='ocrx_word' id='word_1_58' title='bbox 595 1835 734 1921; x_wconf 79' lang='lat' dir='ltr'>Corpore</span> <span class='ocrx_word' id='word_1_59' title='bbox 756 1838 916 1904; x_wconf 81' lang='lat' dir='ltr'>coeruleos</span> <span class='ocrx_word' id='word_1_60' title='bbox 939 1839 1154 1923; x_wconf 80' lang='lat' dir='ltr'>abiiciuntque</span> <span class='ocrx_word' id='word_1_61' title='bbox 1177 1838 1285 1934; x_wconf 78' lang='lat' dir='ltr'>stolas.</span> 
     </span>
    </p>

    <p class='ocr_par' dir='ltr' id='par_1_5' title="bbox 498 1955 1370 2166">
     <span class='ocr_line' id='line_1_12' title="bbox 498 1955 1370 2037; baseline 0.001 -15"><span class='ocrx_word' id='word_1_62' title='bbox 498 1955 620 2023; x_wconf 82' lang='lat' dir='ltr'>Mittite</span> <span class='ocrx_word' id='word_1_63' title='bbox 643 1957 812 2036; x_wconf 78' lang='lat' dir='ltr'>femineos,</span> <span class='ocrx_word' id='word_1_64' title='bbox 836 1958 1004 2023; x_wconf 90' lang='lat' dir='ltr'>muliebria</span> <span class='ocrx_word' id='word_1_65' title='bbox 1025 1962 1186 2037; x_wconf 90' lang='lat' dir='ltr'>monstra,</span> <span class='ocrx_word' id='word_1_66' title='bbox 1210 1959 1370 2037; x_wconf 87' lang='lat' dir='ltr'>ululatus,</span> 
     </span>
     <span class='ocr_line' id='line_1_13' title="bbox 588 2079 1300 2166; baseline 0 -21"><span class='ocrx_word' id='word_1_67' title='bbox 588 2079 656 2145; x_wconf 91' lang='lat' dir='ltr'>Nec</span> <span class='ocrx_word' id='word_1_68' title='bbox 678 2103 771 2147; x_wconf 82' lang='lat' dir='ltr'>saevo</span> <span class='ocrx_word' id='word_1_69' title='bbox 794 2084 904 2146; x_wconf 79' lang='lat' dir='ltr'>tonsas</span> <span class='ocrx_word' id='word_1_70' title='bbox 926 2102 1035 2166; x_wconf 84' lang='lat' dir='ltr'>ungue</span> <span class='ocrx_word' id='word_1_71' title='bbox 1058 2085 1168 2146; x_wconf 86' lang='lat' dir='ltr'>notate</span> <span class='ocrx_word' id='word_1_72' title='bbox 1191 2102 1300 2166; x_wconf 85' lang='lat' dir='ltr'>genas.</span> 
     </span>
    </p>

    <p class='ocr_par' dir='ltr' id='par_1_6' title="bbox 496 2199 1366 2406">
     <span class='ocr_line' id='line_1_14' title="bbox 496 2199 1366 2287; baseline 0.002 -23"><span class='ocrx_word' id='word_1_73' title='bbox 496 2199 641 2266; x_wconf 81' lang='lat' dir='ltr'>Formosi</span> <span class='ocrx_word' id='word_1_74' title='bbox 662 2200 812 2281; x_wconf 86' lang='lat' dir='ltr'>Alcidae,</span> <span class='ocrx_word' id='word_1_75' title='bbox 835 2204 992 2287; x_wconf 84' lang='lat' dir='ltr'>lacrymae</span> <span class='ocrx_word' id='word_1_76' title='bbox 1015 2203 1188 2287; x_wconf 75' lang='lat' dir='ltr'>abstergite</span> <span class='ocrx_word' id='word_1_77' title='bbox 1211 2205 1366 2280; x_wconf 85' lang='lat' dir='ltr'>moestas,</span> 
     </span>
     <span class='ocr_line' id='line_1_15' title="bbox 587 2321 1288 2406; baseline 0.003 -20"><span class='ocrx_word' id='word_1_78' title='bbox 587 2321 705 2401; x_wconf 86' lang='lat' dir='ltr'>Audit,</span> <span class='ocrx_word' id='word_1_79' title='bbox 729 2327 762 2388; x_wconf 88' lang='lat' dir='ltr'>et</span> <span class='ocrx_word' id='word_1_80' title='bbox 784 2323 902 2388; x_wconf 86' lang='lat' dir='ltr'>auxilio</span> <span class='ocrx_word' id='word_1_81' title='bbox 924 2322 1064 2393; x_wconf 84' lang='lat' dir='ltr'>Francia</span> <span class='ocrx_word' id='word_1_82' title='bbox 1082 2326 1153 2406; x_wconf 89' lang='lat' dir='ltr'>tota</span> <span class='ocrx_word' id='word_1_83' title='bbox 1183 2323 1288 2388; x_wconf 83' lang='lat' dir='ltr'>venit!</span> 
     </span>
    </p>

    <p class='ocr_par' dir='ltr' id='par_1_7' title="bbox 497 2439 1454 2648">
     <span class='ocr_line' id='line_1_16' title="bbox 497 2439 1454 2529; baseline 0.004 -25"><span class='ocrx_word' id='word_1_84' title='bbox 497 2439 559 2505; x_wconf 87' lang='lat' dir='ltr'>Illa</span> <span class='ocrx_word' id='word_1_85' title='bbox 582 2441 726 2526; x_wconf 89' lang='lat' dir='ltr'>quidem,</span> <span class='ocrx_word' id='word_1_86' title='bbox 750 2447 787 2507; x_wconf 88' lang='lat' dir='ltr'>ut</span> <span class='ocrx_word' id='word_1_87' title='bbox 810 2465 951 2528; x_wconf 88' lang='lat' dir='ltr'>semper,</span> <span class='ocrx_word' id='word_1_88' title='bbox 974 2443 1168 2509; x_wconf 85' lang='lat' dir='ltr'>contemtrix</span> <span class='ocrx_word' id='word_1_89' title='bbox 1190 2443 1266 2508; x_wconf 87' lang='lat' dir='ltr'>iuris</span> <span class='ocrx_word' id='word_1_90' title='bbox 1290 2447 1323 2508; x_wconf 91' lang='lat' dir='ltr'>et</span> <span class='ocrx_word' id='word_1_91' title='bbox 1347 2444 1454 2529; x_wconf 88' lang='lat' dir='ltr'>aequi,</span> 
     </span>
     <span class='ocr_line' id='line_1_17' title="bbox 585 2561 1250 2648; baseline -0.002 -20"><span class='ocrx_word' id='word_1_92' title='bbox 585 2561 694 2648; x_wconf 79' lang='lat' dir='ltr'>Atque</span> <span class='ocrx_word' id='word_1_93' title='bbox 718 2563 779 2628; x_wconf 88' lang='lat' dir='ltr'>sibi</span> <span class='ocrx_word' id='word_1_94' title='bbox 801 2566 952 2629; x_wconf 87' lang='lat' dir='ltr'>constans</span> <span class='ocrx_word' id='word_1_95' title='bbox 973 2564 1010 2628; x_wconf 92' lang='lat' dir='ltr'>in</span> <span class='ocrx_word' id='word_1_96' title='bbox 1031 2564 1162 2629; x_wconf 84' lang='lat' dir='ltr'>levitate</span> <span class='ocrx_word' id='word_1_97' title='bbox 1185 2586 1250 2629; x_wconf 91' lang='lat' dir='ltr'>sua.</span> 
     </span>
    </p>

    <p class='ocr_par' dir='ltr' id='par_1_8' title="bbox 496 2681 1380 2891">
     <span class='ocr_line' id='line_1_18' title="bbox 496 2681 1380 2770; baseline 0.002 -21"><span class='ocrx_word' id='word_1_98' title='bbox 496 2681 557 2750; x_wconf 79' lang='lat' dir='ltr'>Sed</span> <span class='ocrx_word' id='word_1_99' title='bbox 581 2685 692 2769; x_wconf 87' lang='lat' dir='ltr'>magni</span> <span class='ocrx_word' id='word_1_100' title='bbox 715 2705 804 2770; x_wconf 83' lang='lat' dir='ltr'>reges</span> <span class='ocrx_word' id='word_1_101' title='bbox 827 2683 951 2750; x_wconf 85' lang='lat' dir='ltr'>facinus</span> <span class='ocrx_word' id='word_1_102' title='bbox 972 2688 1040 2750; x_wconf 89' lang='lat' dir='ltr'>tam</span> <span class='ocrx_word' id='word_1_103' title='bbox 1063 2689 1156 2770; x_wconf 92' lang='lat' dir='ltr'>turpe</span> <span class='ocrx_word' id='word_1_104' title='bbox 1178 2686 1380 2770; x_wconf 87' lang='lat' dir='ltr'>probabunt:</span> 
     </span>
     <span class='ocr_line' id='line_1_19' title="bbox 586 2805 1378 2891; baseline 0.006 -24"><span class='ocrx_word' id='word_1_105' title='bbox 586 2805 779 2885; x_wconf 55' lang='lat' dir='ltr'>»Habenda</span> <span class='ocrx_word' id='word_1_106' title='bbox 792 2809 824 2870; x_wconf 89' lang='lat' dir='ltr'>et</span> <span class='ocrx_word' id='word_1_107' title='bbox 846 2809 1000 2891; x_wconf 86' lang='lat' dir='ltr'>poterunt</span> <span class='ocrx_word' id='word_1_108' title='bbox 1023 2807 1141 2885; x_wconf 83' lang='lat' dir='ltr'>dicere,</span> <span class='ocrx_word' id='word_1_109' title='bbox 1165 2811 1260 2873; x_wconf 74' lang='lat' dir='ltr'>victor</span> <span class='ocrx_word' id='word_1_110' title='bbox 1284 2807 1378 2872; x_wconf 84' lang='lat' dir='ltr'>obi!’&#39;</span> 
     </span>
    </p>

    <p class='ocr_par' dir='ltr' id='par_1_9' title="bbox 496 2926 1431 3013">
     <span class='ocr_line' id='line_1_20' title="bbox 496 2926 1431 3013; baseline 0 -21"><span class='ocrx_word' id='word_1_111' title='bbox 496 2926 523 2992; x_wconf 93' lang='grc' dir='ltr'>Ο</span> <span class='ocrx_word' id='word_1_112' title='bbox 546 2928 669 3013; x_wconf 85' lang='lat' dir='ltr'>patriae</span> <span class='ocrx_word' id='word_1_113' title='bbox 692 2949 754 2992; x_wconf 82' lang='lat' dir='ltr'>vox</span> <span class='ocrx_word' id='word_1_114' title='bbox 777 2927 911 3012; x_wconf 89' lang='lat' dir='ltr'>pulchra</span> <span class='ocrx_word' id='word_1_115' title='bbox 933 2930 1035 2992; x_wconf 88' lang='lat' dir='ltr'>meae!</span> <span class='ocrx_word' id='word_1_116' title='bbox 1083 2927 1109 2992; x_wconf 93' lang='lat'>0</span> <span class='ocrx_word' id='word_1_117' title='bbox 1134 2949 1253 3012; x_wconf 86' lang='lat' dir='ltr'>magna</span> <span class='ocrx_word' id='word_1_118' title='bbox 1276 2927 1431 3013; x_wconf 91' lang='lat' dir='ltr'>triumphi</span> 
     </span>
    </p>
   </div>
   <div class='ocr_carea' id='block_1_5' title="bbox 585 3047 1369 3134">
    <p class='ocr_par' dir='ltr' id='par_1_10' title="bbox 585 3047 1369 3134">
     <span class='ocr_line' id='line_1_21' title="bbox 585 3047 1369 3134; baseline -0.004 -19"><span class='ocrx_word' id='word_1_119' title='bbox 585 3047 710 3127; x_wconf 79' lang='lat' dir='ltr'>Gloria,</span> <span class='ocrx_word' id='word_1_120' title='bbox 735 3071 831 3134; x_wconf 88' lang='lat' dir='ltr'>quam</span> <span class='ocrx_word' id='word_1_121' title='bbox 853 3071 960 3133; x_wconf 89' lang='lat' dir='ltr'>penna</span> <span class='ocrx_word' id='word_1_122' title='bbox 982 3048 1081 3114; x_wconf 83' lang='lat' dir='ltr'>Fama</span> <span class='ocrx_word' id='word_1_123' title='bbox 1100 3054 1236 3115; x_wconf 88' lang='lat' dir='ltr'>sonante</span> <span class='ocrx_word' id='word_1_124' title='bbox 1258 3049 1369 3115; x_wconf 85' lang='lat' dir='ltr'>vehet!</span> 
     </span>
    </p>
   </div>
   <div class='ocr_carea' id='block_1_6' title="bbox 400 3169 1270 3256">
    <p class='ocr_par' dir='ltr' id='par_1_11' title="bbox 400 3169 1270 3256">
     <span class='ocr_line' id='line_1_22' title="bbox 400 3169 1270 3256; baseline -0.001 -21"><span class='ocrx_word' id='word_1_125' title='bbox 400 3223 402 3228; x_wconf 86' lang='lat'><em>.</em></span> <span class='ocrx_word' id='word_1_126' title='bbox 493 3169 664 3236; x_wconf 86' lang='lat' dir='ltr'>Abiectum</span> <span class='ocrx_word' id='word_1_127' title='bbox 687 3170 771 3236; x_wconf 80' lang='lat' dir='ltr'>cives</span> <span class='ocrx_word' id='word_1_128' title='bbox 793 3171 938 3256; x_wconf 85' lang='lat' dir='ltr'>generosi</span> <span class='ocrx_word' id='word_1_129' title='bbox 961 3170 1097 3256; x_wconf 88' lang='lat' dir='ltr'>linquite</span> <span class='ocrx_word' id='word_1_130' title='bbox 1119 3170 1270 3256; x_wconf 85' lang='lat' dir='ltr'>Belgam,</span> 
     </span>
    </p>
   </div>
   <div class='ocr_carea' id='block_1_7' title="bbox 487 3291 1427 4590">
    <p class='ocr_par' dir='ltr' id='par_1_12' title="bbox 487 3291 1427 4590">
     <span class='ocr_line' id='line_1_23' title="bbox 583 3291 1383 3378; baseline 0 -21"><span class='ocrx_word' id='word_1_131' title='bbox 583 3292 663 3357; x_wconf 83' lang='lat' dir='ltr'>Tam</span> <span class='ocrx_word' id='word_1_132' title='bbox 686 3314 804 3378; x_wconf 90' lang='lat' dir='ltr'>pompa</span> <span class='ocrx_word' id='word_1_133' title='bbox 824 3291 943 3358; x_wconf 86' lang='lat' dir='ltr'>illustri</span> <span class='ocrx_word' id='word_1_134' title='bbox 965 3315 1022 3358; x_wconf 80' lang='lat' dir='ltr'>vos</span> <span class='ocrx_word' id='word_1_135' title='bbox 1046 3293 1219 3358; x_wconf 89' lang='lat' dir='ltr'>comitante</span> <span class='ocrx_word' id='word_1_136' title='bbox 1243 3294 1383 3359; x_wconf 90' lang='lat' dir='ltr'>domum.</span> 
     </span>
     <span class='ocr_line' id='line_1_24' title="bbox 492 3411 1426 3499; baseline 0.001 -22"><span class='ocrx_word' id='word_1_137' title='bbox 492 3411 654 3478; x_wconf 88' lang='lat' dir='ltr'>Virtutem</span> <span class='ocrx_word' id='word_1_138' title='bbox 677 3413 838 3477; x_wconf 85' lang='lat' dir='ltr'>admirans</span> <span class='ocrx_word' id='word_1_139' title='bbox 859 3416 892 3478; x_wconf 92' lang='lat' dir='ltr'>et</span> <span class='ocrx_word' id='word_1_140' title='bbox 914 3414 949 3478; x_wconf 93' lang='lat' dir='ltr'>in</span> <span class='ocrx_word' id='word_1_141' title='bbox 972 3413 1080 3492; x_wconf 88' lang='lat' dir='ltr'>hoste,</span> <span class='ocrx_word' id='word_1_142' title='bbox 1105 3416 1254 3499; x_wconf 87' lang='lat' dir='ltr'>sequetur</span> <span class='ocrx_word' id='word_1_143' title='bbox 1276 3418 1426 3480; x_wconf 83' lang='lat' dir='ltr'>ovantem</span> 
     </span>
     <span class='ocr_line' id='line_1_25' title="bbox 582 3532 1427 3621; baseline 0.002 -23"><span class='ocrx_word' id='word_1_144' title='bbox 582 3532 734 3611; x_wconf 74' lang='lat' dir='ltr'>lbanoia,</span> <span class='ocrx_word' id='word_1_145' title='bbox 759 3555 816 3598; x_wconf 91' lang='lat' dir='ltr'>ceu</span> <span class='ocrx_word' id='word_1_146' title='bbox 839 3534 986 3598; x_wconf 85' lang='lat' dir='ltr'>manibus</span> <span class='ocrx_word' id='word_1_147' title='bbox 1008 3537 1099 3621; x_wconf 83' lang='lat' dir='ltr'>terga</span> <span class='ocrx_word' id='word_1_148' title='bbox 1121 3535 1281 3615; x_wconf 84' lang='lat' dir='ltr'>revincta,</span> <span class='ocrx_word' id='word_1_149' title='bbox 1307 3536 1427 3601; x_wconf 89' lang='lat' dir='ltr'>ducem.</span> 
     </span>
     <span class='ocr_line' id='line_1_26' title="bbox 491 3642 1260 3737; baseline 0.001 -16"><span class='ocrx_word' id='word_1_150' title='bbox 491 3654 616 3721; x_wconf 79' lang='lat' dir='ltr'>Salvete</span> <span class='ocrx_word' id='word_1_151' title='bbox 638 3678 657 3721; x_wconf 93' lang='lat' dir='ltr'>o</span> <span class='ocrx_word' id='word_1_152' title='bbox 680 3656 823 3735; x_wconf 85' lang='lat' dir='ltr'>reduces,</span> <span class='ocrx_word' id='word_1_153' title='bbox 846 3655 962 3721; x_wconf 90' lang='lat' dir='ltr'>iterum</span> <span class='ocrx_word' id='word_1_154' title='bbox 986 3655 1105 3722; x_wconf 80' lang='lat' dir='ltr'>salvete</span> <span class='ocrx_word' id='word_1_155' title='bbox 1126 3642 1260 3737; x_wconf 85' lang='lat' dir='ltr'>Batavi,</span> 
     </span>
     <span class='ocr_line' id='line_1_27' title="bbox 580 3777 1291 3864; baseline 0 -20"><span class='ocrx_word' id='word_1_156' title='bbox 580 3777 625 3844; x_wconf 75' lang='lat' dir='ltr'>ut</span> <span class='ocrx_word' id='word_1_157' title='bbox 647 3800 702 3852; x_wconf 81' lang='lat' dir='ltr'>vos</span> <span class='ocrx_word' id='word_1_158' title='bbox 726 3779 872 3846; x_wconf 82' lang='lat' dir='ltr'>Nassavii</span> <span class='ocrx_word' id='word_1_159' title='bbox 893 3779 1058 3864; x_wconf 80' lang='lat' dir='ltr'>sanguinis</span> <span class='ocrx_word' id='word_1_160' title='bbox 1080 3801 1150 3844; x_wconf 86' lang='lat' dir='ltr'>acre</span> <span class='ocrx_word' id='word_1_161' title='bbox 1173 3781 1291 3864; x_wconf 83' lang='lat' dir='ltr'>genus!</span> 
     </span>
     <span class='ocr_line' id='line_1_28' title="bbox 490 3898 1342 3984; baseline 0 -18"><span class='ocrx_word' id='word_1_162' title='bbox 490 3898 590 3966; x_wconf 87' lang='lat' dir='ltr'>Nulla</span> <span class='ocrx_word' id='word_1_163' title='bbox 619 3900 696 3964; x_wconf 87' lang='lat' dir='ltr'>satis</span> <span class='ocrx_word' id='word_1_164' title='bbox 718 3903 838 3965; x_wconf 84' lang='lat' dir='ltr'>vestras</span> <span class='ocrx_word' id='word_1_165' title='bbox 863 3899 1003 3965; x_wconf 86' lang='lat' dir='ltr'>referent</span> <span class='ocrx_word' id='word_1_166' title='bbox 1024 3901 1194 3984; x_wconf 88' lang='lat' dir='ltr'>praeconia</span> <span class='ocrx_word' id='word_1_167' title='bbox 1216 3901 1342 3980; x_wconf 87' lang='lat' dir='ltr'>laudes,</span> 
     </span>
     <span class='ocr_line' id='line_1_29' title="bbox 581 4017 1286 4087; baseline 0.003 -2"><span class='ocrx_word' id='word_1_168' title='bbox 581 4017 736 4085; x_wconf 89' lang='lat' dir='ltr'>Deficitur</span> <span class='ocrx_word' id='word_1_169' title='bbox 758 4020 851 4084; x_wconf 86' lang='lat' dir='ltr'>iustis</span> <span class='ocrx_word' id='word_1_170' title='bbox 873 4022 984 4084; x_wconf 75' lang='lat' dir='ltr'>nostra</span> <span class='ocrx_word' id='word_1_171' title='bbox 1007 4019 1167 4086; x_wconf 82' lang='lat' dir='ltr'>(lamoena</span> <span class='ocrx_word' id='word_1_172' title='bbox 1190 4023 1286 4087; x_wconf 87' lang='lat' dir='ltr'>sonis.</span> 
     </span>
     <span class='ocr_line' id='line_1_30' title="bbox 490 4139 1399 4228; baseline -0.001 -20"><span class='ocrx_word' id='word_1_173' title='bbox 490 4140 634 4208; x_wconf 77' lang='lat' dir='ltr'>Maevius</span> <span class='ocrx_word' id='word_1_174' title='bbox 656 4139 714 4204; x_wconf 85' lang='lat' dir='ltr'>has</span> <span class='ocrx_word' id='word_1_175' title='bbox 736 4139 933 4225; x_wconf 87' lang='lat' dir='ltr'>Baviueque,</span> <span class='ocrx_word' id='word_1_176' title='bbox 957 4140 1066 4206; x_wconf 86' lang='lat' dir='ltr'>Latini</span> <span class='ocrx_word' id='word_1_177' title='bbox 1090 4143 1263 4228; x_wconf 90' lang='lat' dir='ltr'>opprobria</span> <span class='ocrx_word' id='word_1_178' title='bbox 1285 4143 1399 4221; x_wconf 89' lang='lat' dir='ltr'>Pindi,</span> 
     </span>
     <span class='ocr_line' id='line_1_31' title="bbox 579 4259 1386 4348; baseline 0.005 -24"><span class='ocrx_word' id='word_1_179' title='bbox 579 4259 767 4338; x_wconf 86' lang='lat' dir='ltr'>Barbarico,</span> <span class='ocrx_word' id='word_1_180' title='bbox 792 4282 867 4324; x_wconf 87' lang='lat' dir='ltr'>nam</span> <span class='ocrx_word' id='word_1_181' title='bbox 890 4282 956 4324; x_wconf 91' lang='lat' dir='ltr'>nou</span> <span class='ocrx_word' id='word_1_182' title='bbox 979 4266 1026 4327; x_wconf 87' lang='lat' dir='ltr'>est</span> <span class='ocrx_word' id='word_1_183' title='bbox 1048 4263 1169 4348; x_wconf 91' lang='lat' dir='ltr'>pudor,</span> <span class='ocrx_word' id='word_1_184' title='bbox 1194 4285 1248 4328; x_wconf 88' lang='lat' dir='ltr'>ore</span> <span class='ocrx_word' id='word_1_185' title='bbox 1270 4267 1386 4328; x_wconf 89' lang='lat' dir='ltr'>terent.</span> 
     </span>
     <span class='ocr_line' id='line_1_32' title="bbox 487 4379 1378 4471; baseline 0 -20"><span class='ocrx_word' id='word_1_186' title='bbox 487 4384 575 4451; x_wconf 87' lang='lat' dir='ltr'>Aure</span> <span class='ocrx_word' id='word_1_187' title='bbox 598 4382 691 4448; x_wconf 85' lang='lat' dir='ltr'>avida</span> <span class='ocrx_word' id='word_1_188' title='bbox 711 4381 801 4445; x_wconf 88' lang='lat' dir='ltr'>bibet</span> <span class='ocrx_word' id='word_1_189' title='bbox 823 4379 882 4445; x_wconf 86' lang='lat' dir='ltr'>hos</span> <span class='ocrx_word' id='word_1_190' title='bbox 894 4383 1056 4471; x_wconf 73' lang='lat' dir='ltr'>¹strepitus</span> <span class='ocrx_word' id='word_1_191' title='bbox 1078 4385 1221 4468; x_wconf 83' lang='lat' dir='ltr'>ignobile</span> <span class='ocrx_word' id='word_1_192' title='bbox 1243 4385 1378 4469; x_wconf 73' lang='lat' dir='ltr'>vulgus:</span> 
     </span>
     <span class='ocr_line' id='line_1_33' title="bbox 578 4501 1293 4590; baseline 0.004 -23"><span class='ocrx_word' id='word_1_193' title='bbox 578 4502 705 4590; x_wconf 82' lang='lat' dir='ltr'>Religio</span> <span class='ocrx_word' id='word_1_194' title='bbox 725 4501 762 4566; x_wconf 90' lang='lat' dir='ltr'>in</span> <span class='ocrx_word' id='word_1_195' title='bbox 783 4502 912 4568; x_wconf 84' lang='lat' dir='ltr'>tantum</span> <span class='ocrx_word' id='word_1_196' title='bbox 934 4525 985 4568; x_wconf 89' lang='lat' dir='ltr'>me</span> <span class='ocrx_word' id='word_1_197' title='bbox 1008 4506 1097 4570; x_wconf 85' lang='lat' dir='ltr'>vetat</span> <span class='ocrx_word' id='word_1_198' title='bbox 1118 4505 1165 4570; x_wconf 93' lang='lat' dir='ltr'>ire</span> <span class='ocrx_word' id='word_1_199' title='bbox 1188 4506 1293 4571; x_wconf 91' lang='lat' dir='ltr'>decus.</span> 
     </span>
    </p>
   </div>
   <div class='ocr_carea' id='block_1_8' title="bbox 0 0 1686 5296">
    <p class='ocr_par' dir='ltr' id='par_1_13' title="bbox 0 0 1686 5296">
     <span class='ocr_line' id='line_1_34' title="bbox 0 0 1686 5296; baseline 0 5"><span class='ocrx_word' id='word_1_200' title='bbox 0 0 1686 5296; x_wconf 95' lang='lat' dir='ltr'> </span> 
     </span>
    </p>
   </div>
  </div>
 </body>
</html>
