3362 5300
566 597 760 642 scseroluors
777 598 976 644 nncrrorreus.
1282 583 1325 644 67

216 775 298 839 tium
329 774 415 840 diem
446 776 593 844 Octobris
623 781 841 845 instaurandis
863 781 1054 846 lectionibus
1075 781 1232 850 indictum
1255 803 1320 846 esse

214 901 368 966 videmus.
419 897 507 978 Hoc,
544 901 631 984 quod
665 904 706 965 ad
735 901 820 966 diem
851 902 984 980 attinet,
1017 900 1138 967 factum
1169 904 1217 966 est
1246 923 1320 986 rege

214 1021 434 1105 imprudente,
468 1021 726 1107 imprudentibus
761 1021 849 1099 eliis,
885 1023 941 1106 qui
973 1023 1036 1088 ista
1069 1026 1193 1089 curant.
1251 1021 1321 1106 Ego

215 1165 309 1207 omen
339 1144 462 1228 accepi,
494 1141 677 1226 accepistis,
701 1142 893 1207 Academiae
916 1146 1043 1208 nostrae
1066 1142 1205 1220 alumni,
1231 1164 1319 1208 aece-

214 1264 306 1348 pistis
327 1265 462 1349 ingenui
486 1264 581 1328 huius
606 1262 693 1327 urbis
716 1263 856 1341 incolae,
882 1265 938 1348 qui
960 1264 1047 1330 huna
1070 1265 1154 1330 diem
1172 1265 1242 1347 ipso
1260 1285 1319 1327 na-

213 1385 272 1448 tali
296 1389 401 1450 vestro
424 1384 550 1448 habetis
573 1385 735 1448 cariorem.

259 1505 339 1570 Erat
370 1505 532 1590 profect0,
556 1527 743 1589 semperque
767 1506 846 1583 erit,
869 1506 983 1572 tertius
1005 1506 1060 1570 ille
1084 1505 1231 1572 Octobris
1254 1506 1321 1570 dies

214 1646 281 1689 non
306 1626 399 1689 modo
423 1625 557 1702 leidae,
583 1627 636 1689 sed
660 1625 757 1689 etiam
780 1625 945 1690 universae
968 1625 1090 1709 patriae
1113 1626 1209 1710 longe
1227 1647 1320 1710 prae-

213 1745 415 1810 clarissimus.
462 1744 526 1810 Hic
555 1745 676 1828 primus
710 1748 782 1828 post
812 1744 930 1810 multas
951 1744 1149 1810 calamitates
1173 1749 1205 1810 et
1227 1747 1320 1814 mise-

213 1867 278 1930 rias
300 1865 470 1931 Hollandis
492 1886 577 1930 nova
599 1865 738 1948 quadam
759 1865 829 1930 luce
853 1865 975 1942 arrisit,
1000 1869 1033 1928 et
1055 1865 1217 1950 Hispanos
1236 1865 1322 1931 vinei

215 2008 307 2073 posse
330 1986 447 2050 docuit.
480 1985 541 2050 Hic
565 1985 724 2063 ostendit,
748 2006 815 2049 non
838 1989 933 2050 duras
956 1987 991 2050 in
1014 2009 1085 2054 aere
1108 1990 1140 2051 et
1164 1986 1247 2052 ferro
1266 2009 1320 2054 oo-

214 2108 341 2185 hortes,
366 2128 433 2170 non
455 2107 590 2191 praedae
613 2109 670 2172 aut
692 2106 852 2171 vindictae
875 2107 979 2184 sitim,
1004 2127 1070 2173 non
1093 2105 1243 2172 ferociam
1262 2130 1322 2174 nec

214 2229 366 2313 superbas
397 2228 519 2307 minas,
551 2247 618 2291 non
650 2227 716 2292 vim
743 2229 976 2292 tormentorum
999 2230 1122 2312 strages
1144 2228 1210 2293 late
1232 2251 1321 2313 spar-

215 2350 381 2434 gentium,
411 2348 561 2412 victorias
584 2350 755 2432 praestare.
802 2348 905 2414 Parva
928 2349 1063 2427 civium,
1088 2350 1142 2415 vix
1165 2350 1246 2414 bene
1270 2372 1321 2414 ar·

216 2474 376 2534 matorum
406 2490 538 2546 manus,
571 2487 660 2532 amor
689 2468 828 2552 patriae,
860 2491 932 2553 spes
962 2469 998 2534 in
1028 2468 1096 2537 Deo
1119 2471 1239 2554 posita,
1263 2493 1322 2554 pa·

216 2589 331 2654 tientia
360 2592 393 2653 et
424 2587 622 2665 constantin,
655 2588 794 2672 impetus
824 2588 966 2673 Philippi
989 2588 1193 2674 repulerunt,
1216 2590 1321 2668 illius,

217 2710 268 2774 cui
291 2709 420 2794 Europa
443 2731 510 2810 esse
533 2708 702 2774 videbatur
724 2731 832 2793 parra.

262 2830 363 2907 Quem
380 2829 524 2894 animum
546 2829 674 2894 creditis
697 2829 793 2894 finsse
817 2830 985 2896 Guilielmo
1009 2831 1148 2916 principi
1168 2831 1321 2897 Arausio·

218 2953 327 3029 nansi,
358 2951 410 3016 cui
441 2949 575 3035 Delphis
606 2951 642 3014 in
671 2950 793 3034 templo
824 2973 946 3018 sacram
976 2952 1153 3022 orationem
1179 2956 1323 3022 audienti

219 3074 352 3138 nuntius
373 3073 526 3136 liberatae
544 3072 710 3137 obsidione
728 3072 844 3136 Leidae
864 3073 1078 3138 afferebatur?
1111 3073 1207 3139 Haud
1225 3076 1324 3147 alium

217 3199 312 3278 puto,
331 3215 428 3279 quam
451 3214 515 3276 quo
539 3215 641 3276 nuper
664 3191 851 3256 Guilielmus
873 3215 930 3258 rex
954 3194 1120 3263 victoriam
1142 3195 1323 3265 Invenien-

218 3336 283 3379 sem
315 3313 502 3398 accipiebat.
549 3313 756 3378 Intellexerat
785 3313 835 3377 vir
862 3313 1106 3399 sapiensquam
1127 3317 1193 3384 rim
1217 3339 1322 3383 exem-

219 3435 307 3519 plum
339 3435 443 3512 urhis,
468 3435 615 3498 tamdiu
639 3438 671 3498 et
694 3434 812 3500 frustra
835 3435 876 3499 ab
899 3434 1053 3520 Hispanis
1076 3438 1213 3526 petitae,
1238 3441 1324 3512 domi

219 3555 358 3640 forisque
379 3558 461 3618 esset
483 3554 686 3633 habiturum,
711 3559 869 3638 quantum
887 3555 1021 3622 fiduciae
1039 3559 1232 3642 geniturum.
1256 3560 1323 3632 Ita-

220 3699 280 3760 que
310 3676 347 3740 in
376 3675 525 3741 omnibus
553 3675 676 3760 patriae
699 3677 842 3760 oppidis,
867 3677 922 3742 ubi
943 3699 1000 3761 per
1021 3678 1167 3744 inimicos
1190 3679 1323 3759 licebat,

220 3798 335 3882 ingens
365 3800 434 3862 eret
464 3796 605 3874 neuun,
637 3796 752 3862 Leidae
782 3798 946 3882 inprimis,
979 3801 1011 3862 et
1039 3798 1139 3864 animi
1161 3800 1258 3885 vulgo
1284 3804 1325 3865 ad

220 3919 362 3982 studium
392 3918 598 3983 excutiendae
630 3918 810 4001 tyranmdis
833 3918 1047 4003 erigebantur.
1094 3920 1164 3988 Iam
1186 3921 1268 3992 nihil
1290 3926 1326 3989 in

220 4038 306 4103 bona
338 4061 432 4104 causa
461 4039 702 4123 desperandum.
748 4037 859 4104 Fortes
887 4043 921 4105 et
951 4040 1020 4124 pios
1050 4045 1201 4111 mortales
1222 4045 1326 4114 Deum

221 4160 327 4244 ipsum
349 4160 516 4238 adiuvare,
541 4160 629 4225 errius
654 4159 808 4224 auxilium
831 4182 980 4244 praesens
1003 4163 1038 4227 in
1057 4166 1251 4250 gravissimis
1270 4189 1326 4251 pe·

222 4280 329 4345 riculis
352 4280 545 4365 apparuerit.
578 4279 655 4346 Non
678 4279 761 4344 fame
785 4301 851 4344 non
874 4285 977 4365 peste,
1006 4306 1087 4368 quaa
1109 4284 1223 4350 ultima
1241 4287 1326 4354 mala

223 4400 381 4469 obsidioni
411 4405 624 4479 accesserant,
656 4401 774 4467 fractos
806 4401 923 4466 ciuium
954 4404 1095 4484 animos,
1127 4406 1206 4489 quin
1232 4427 1327 4492 aegra

222 4543 353 4607 corpora
376 4523 411 4585 in
435 4522 684 4607 propugnaculis
710 4523 859 4588 steterint
882 4523 1052 4609 intrepida.
1091 4524 1195 4600 Quum
1219 4548 1328 4595 omnes
