3362 5300
803 1373 1036 1464 ORATIO

903 1595 937 1630 ms

414 1751 659 1829 PERPETUA,
683 1751 801 1827 QUAE
824 1750 1083 1818 AOADEMIAE
1107 1743 1312 1817 LIIIDENSI
1335 1749 1429 1816 ΘΗΜ

460 1871 605 1939 GENTII
629 1871 879 1938 ARAUSIAOA
902 1870 1201 1950 INTEROESSIT,
1225 1869 1380 1937 Nuces-

513 1992 737 2072 amomum,
762 1990 983 2058 SPEOTATA
1006 1991 1254 2058 PRAEOIPUII
1277 1992 1326 2058 IN

693 2112 861 2180 quDHs
884 2111 1149 2179 PRINCIPUM:

387 2323 515 2372 HABITA
533 2323 653 2372 aarum
668 2324 698 2372 A.
716 2324 746 2371 D.
765 2323 830 2372 VIII
847 2323 1031 2373 FEBRUARII
1048 2322 1173 2372 MENSIS
1189 2323 1218 2370 A.
1237 2322 1456 2372 Mucccxxxlx

492 2420 562 2485 QUO
586 2419 643 2468 DIE
667 2420 910 2469 MAGISTRATUM
931 2419 1158 2470 ACADEMIOUM
1181 2419 1353 2468 DIIPOSUI'I'.

414 2799 669 2885 Quotiescunque
700 2800 812 2863 oolavo
841 2798 894 2886 ‚die
923 2797 1041 2862 mensis
1072 2796 1236 2863 Februarii
1268 2801 1407 2864 stantem
1442 2800 1478 2864 iu

370 2921 431 2985 hoo
463 2925 617 3007 suggestu
646 2922 803 2985 oratorem
826 2941 866 2984 ax
888 2918 1037 2983 subsellio
1062 2919 1291 3016 suspiciebam,
1316 2920 1428 2986 mullis
1451 2922 1479 2986 ei

370 3042 555 3107 nominibus
577 3041 747 3126 pulchrum
771 3062 808 3105 ao
830 3061 928 3124 prope
952 3033 1160 3104 invidendum
1184 3063 1300 3106 munus
1323 3041 1488 3125 obtigisse·

371 3163 558 3226 arbilrabar.
606 3162 719 3239 Nune,
751 3183 850 3244 quum
873 3182 979 3224 meum
1002 3158 1081 3222 mihi
1102 3162 1229 3242 tempus
1252 3160 1337 3224 idem
1361 3183 1478 3226 munus

372 3281 499 3358 astulis,
524 3283 551 3344 si
572 3281 727 3345 ineolumi
750 3280 836 3345 fama
859 3302 1001 3365 possem,
1026 3279 1138 3343 lubens
1161 3302 1212 3344 me
1236 3279 1312 3345 hino
1336 3281 1370 3345 in
1391 3284 1479 3347 vele-

371 3423 438 3465 rem
460 3400 567 3464 looum
590 3401 770 3484 reciperem.
802 3399 915 3484 Neque
938 3399 991 3464 hio
1014 3403 1062 3464 est
1084 3403 1187 3465 melus
1206 3401 1335 3484 quidam
1357 3406 1478 3480 vester,

372 3542 474 3604 neque
496 3520 550 3584 isli
572 3521 608 3583 in
627 3542 677 3584 me
697 3542 798 3583 unum
818 3520 962 3584 conversi
980 3521 1089 3585 vultus
1110 3524 1256 3587 mesdeo
1278 3523 1478 3607 perturbant.
1520 3507 1524 3516 ⁴

372 3640 475 3719 Nam,
510 3662 699 3725 quacunque
721 3640 831 3706 oeulos
855 3640 1052 3718 oiroumluli,
1077 3641 1184 3705 omnia
1208 3642 1300 3706 video
1324 3643 1480 3708 benevola

372 3765 404 3825 et
436 3763 553 3826 amica:
582 3784 685 3845 neque
707 3783 781 3839 vos,
806 3760 997 3827 Academiae
1020 3761 1182 3826 Leidensis
1207 3759 1377 3827 Curatores
1401 3763 1479 3827 viri-

373 3904 434 3966 que
458 3882 661 3967 amplissimi,
689 3882 755 3947 fere
778 3884 880 3967 magis
903 3884 945 3948 ob
968 3883 1082 3948 merila
1105 3885 1137 3947 elz
1160 3883 1297 3948 honores
1320 3884 1478 3960 admiror,

373 4024 469 4087 quam
499 4002 540 4066 ob
562 4002 729 4085 antiquam
753 4005 786 4066 et
810 4025 882 4067 vere
904 4002 1100 4067 Hollandam
1123 4003 1303 4068 animorum
1327 4005 1479 4088 ingenui-

372 4125 473 4188 tatem
497 4121 605 4206 diligo.
653 4121 720 4188 Vos
743 4125 867 4201 aulem,
892 4121 1067 4187 Clarissimi
1086 4123 1282 4189 Professores
1304 4125 1481 4209 metarique

373 4245 532 4309 audilores
567 4243 741 4307 venerandi
775 4247 808 4308 el
842 4244 975 4322 eruditi,
1008 4266 1106 4327 quum
1136 4247 1309 4324 oonlueor,
1343 4245 1481 4330 insignis

373 4366 500 4450 quidem
532 4362 713 4440 doetrinae,
747 4363 801 4427 sed
831 4364 867 4427 in
897 4364 1006 4428 eadem
1037 4365 1184 4428 doctrina
1207 4365 1362 4431 eluoenlis
1386 4365 1482 4430 simul

375 4487 585 4551 humanitatis
608 4487 760 4549 contueor
783 4484 971 4568 specimina:
996 4486 1092 4567 atque
1115 4485 1193 4549 haec
1216 4485 1295 4549 mihi
1317 4485 1382 4549 iam
1405 4507 1482 4551 sane
