3362 5300
572 570 612 613 ou
633 569 780 614 msroarcr
796 569 919 614 91111919,
1259 553 1301 614 65

193 751 373 836 exemplum
401 747 542 834 ingenii,
575 749 684 815 omnia
714 771 920 834 quaecunque
953 751 1064 828 vellet,
1084 745 1300 834 'complecten-

193 872 253 948 tis‚
288 870 349 935 hoc
385 871 412 933 si
442 890 501 954 ego
532 870 715 954 profiterer,
746 873 780 934 91
808 871 936 954 ineptus
967 871 1044 949 sim,
1076 893 1136 935 uec
1165 893 1222 936 vos
1251 892 1301 934 me

194 990 314 1056 feratis.

241 1110 304 1177 Sed
333 1111 466 1188 vulnus,
500 1133 564 1195 qua
593 1112 730 1196 possim,
763 1112 879 1189 lenire,
911 1112 938 1176 si
968 1115 1099 1176 tandem
1122 1112 1301 1177 cicatricem

195 1234 305 1310 ducat,
329 1231 384 1296 sed
407 1232 596 1296 desiderium
618 1232 783 1316 mitigare,
808 1232 862 1297 scd
885 1232 1064 1316 exemplum
1082 1232 1179 1316 louge
1197 1232 1301 1316 sequi,

195 1354 258 1417 hoc
280 1374 331 1415 me
354 1352 558 1436 profitentem
581 1355 614 1416 et
634 1352 761 1431 feratis,
787 1355 819 1416 et
841 1352 1011 1417 facientem
1035 1352 1200 1418 adiuvetis.

243 1473 361 1551 Quanti
384 1494 443 1558 ego
466 1473 644 1558 Borgerum
667 1473 812 1551 fecerim,
834 1473 911 1537 alias
932 1474 1073 1551 ostendi,
1093 1495 1187 1538 ausus
1206 1473 1300 1538 etiam

196 1597 272 1678 post
294 1594 444 1660 Roscium
466 1594 500 1659 iu
525 1616 652 1658 scenam
676 1594 811 1678 prodire.

242 1713 417 1798 Nunquam
448 1735 522 1779 vero
552 1713 627 1777 iste*
642 1735 752 1778 sensus
781 1713 817 1776 in
839 1714 901 1777 hoc
923 1718 1051 1798 pectore
1073 1717 1141 1778 tam
1164 1735 1248 1779 novo
1271 1717 1304 1777 91

196 1836 335 1900 mirabili
357 1857 444 1900 more
466 1834 586 1918 viguit,
611 1856 706 1917 quam
729 1833 790 1899 hoc
813 1837 973 1918 tempore,
997 1833 1057 1899 hoc
1080 1835 1166 1912 loco,
1188 1836 1223 1898 in
1244 1835 1303 1899 hac

197 1977 292 2020 causa
314 1956 410 2040 viget.

242 2076 351 2161 Atque
381 2077 505 2140 utinam
536 2076 643 2153 11111111,
677 2077 705 2141 si
733 2075 847 2154 vellet,
879 2076 1027 2159 lacrymis
1050 2079 1082 2140 91
1105 2097 1197 2155 auro,
1222 2075 1304 2140 etsi

197 2197 275 2282 quid
311 2219 388 2261 auro
422 2197 465 2261 sit
498 2196 684 2282 pretiosius,
718 2196 871 2262 redimere
901 2202 933 2262 91
963 2197 999 2261 in
1027 2197 1127 2262 vitam
1156 2217 1303 2262 revocare

197 2319 377 2402 possemus!
423 2308 513 2382 Bone
536 2318 569 2380 91
591 2336 708 2401 magne
730 2315 833 2382 Deus!

245 2437 314 2513 Qua
342 2437 504 2521 voluptate
534 2457 593 2521 ego
616 2435 692 2501 hinc
715 2438 999 2521 praeclarissimum
1022 2438 1184 2502 hominem
1206 2438 1304 2501 limen

197 2559 375 2623 intrantem
397 2557 629 2643 conspicerem!

245 2678 313 2754 Quo
337 2678 458 2756 studio,
483 2700 546 2762 qua
569 2679 772 2742 veneratione
795 2699 851 2744 vos
874 2679 921 2743 illi
944 2680 1048 2745 locum
1072 2678 1238 2745 cederetis!

243 2797 291 2863 De
313 2821 363 2863 me
385 2799 560 2883 quaeritis?

243 2919 314 3004 Ego
337 2917 482 2984 Harlemi
505 2919 540 2983 in
563 2919 681 2995 literis,
704 2919 740 2982 in
763 2921 959 2984 conscientia
981 2942 1068 2995 mea,
1088 2920 1185 3003 inque
1205 2919 1304 2984 veteri

198 3040 338 3104 amicitia
360 3039 463 3104 laetus
485 3061 522 3103 ac
544 3038 659 3103 lubens
681 3039 917 3123 acquiescerem.
