3362 5300
519 626 558 675 ns
578 627 702 675 vnxnuo
722 628 874 674 aurosne.
1219 601 1279 670 137

176 857 178 862 -
222 806 284 880 dui
313 785 502 878 Academiae
533 812 618 896 quod
648 810 773 888 Dousa,
803 808 1029 895 Hoogovenius
1052 811 1084 873 ot
1106 807 1276 874 Houtenus

173 935 271 1020 primi
300 933 525 1018 praefuerunt,
557 953 593 996 eo
625 935 789 1016 tamquam
821 930 929 995 divino
957 931 1063 994 omine
1085 930 1171 994 idem
1193 928 1278 995 Aea-

175 1054 297 1118 demiae
319 1075 431 1118 sensus
453 1054 501 1117 est
523 1052 744 1136 ingeneratus:
770 1053 866 1135 atque
888 1072 942 1129 ea,
967 1073 1041 1115 suae
1065 1050 1126 1116 sibi
1146 1050 1279 1134 originis

175 1174 319 1251 eonsoia,
355 1173 470 1258 dignos
499 1171 617 1236 abhinc
647 1171 761 1236 sumsit
790 1170 929 1248 animos,
961 1174 1012 1248 et,
1043 1173 1214 1255 postquam
1243 1172 1280 1234 in
1339 1203 1342 1209 ·

176 1317 242 1358 una
272 1315 345 1358 oum
376 1292 498 1358 oivibus
526 1292 652 1356 moenia
681 1291 818 1369 ooeluit,
851 1294 958 1355 mente
988 1295 1020 1355 et
1050 1291 1201 1374 opinione
1233 1291 1280 1355 ita

176 1415 313 1492 coaluit,
348 1418 386 1478 ut
420 1413 461 1478 ab
496 1435 603 1477 amore
636 1434 710 1478 suae
741 1412 823 1476 sedis
854 1435 890 1476 ao
921 1412 1029 1496 sti1pis
1059 1411 1277 1495 profioisoens,

175 1535 282 1619 patria
311 1533 393 1598 nihil
423 1555 565 1617 unquam
595 1533 708 1597 melius
731 1554 790 1596 neo
813 1531 936 1597 dulcius
960 1532 1125 1610 habuerit,
1150 1533 1278 1616 diesque

177 1654 324 1721 Octobris
356 1655 468 1718 tertius
500 1657 532 1717 et
562 1652 727 1718 Februarii
757 1656 888 1718 octavus
919 1653 1067 1719 omnibus
1090 1651 1156 1718 fere
1179 1653 1279 1717 natali

176 1775 306 1860 proprio
334 1774 554 1840 existimentur
577 1773 775 1839 sanctiores(

222 1893 362 1960 Rideant
379 1896 459 1972 ista,
477 1895 532 1978 qui
554 1916 587 1958 se
609 1893 816 1978 philosophos
840 1915 906 1958 esse
928 1893 1135 1980 profitentur,
1161 1898 1194 1960 et
1217 1893 1280 1961 dis·

177 2019 314 2100 putent,
357 2037 425 2079 non
460 2037 496 2079 ea
530 2017 615 2081 tecta
648 2037 751 2098 neque
786 2014 973 2081 domesticos
1007 2015 1142 2100 parietes
1178 2035 1281 2101 noque

178 2136 297 2220 templa
320 2158 379 2201 neo
402 2135 520 2200 similes
543 2136 696 2200 minutias
719 2157 786 2200 esse
808 2136 954 2222 patriam.
1002 2134 1161 2201 Mundani
1185 2159 1203 2200 a
1227 2159 1280 2201 su-

178 2257 305 2342 perficie
336 2260 368 2320 et
394 2257 606 2340 tignissuam
630 2257 795 2321 caritatem
817 2278 875 2341 per
896 2277 1023 2321 omnem
1047 2259 1204 2321 terrarum
1229 2279 1280 2323 or-

181 2378 254 2444 bem
286 2377 477 2442 diffundant.
523 2377 598 2442 Non
623 2377 766 2455 invideo,
791 2378 845 2441 sed
868 2396 936 2442 non
959 2400 1030 2444 sum
1052 2380 1186 2443 istorum
1209 2377 1282 2462 phi·

181 2498 395 2583 losophorum.
444 2495 524 2564 Cum
552 2498 591 2562 iis
615 2498 714 2576 facio,
738 2500 810 2583 qui,
836 2498 963 2583 quando
986 2498 1108 2564 inimici
1130 2499 1224 2566 nobis
1247 2521 1283 2564 ea

181 2620 274 2704 tigna
304 2622 447 2704 ereptum
478 2619 628 2696 veniunt,
660 2622 789 2703 quando
819 2623 964 2704 tempora
992 2641 1105 2685 manus
1127 2623 1282 2705 poscunt,

183 2740 303 2804 auriam
323 2759 390 2803 non
414 2738 518 2804 verbis
542 2738 684 2823 replent,
709 2739 763 2803 sed
785 2761 898 2804 manus
922 2744 1087 2819 exserunt,
1112 2741 1202 2805 etin
1225 2742 1282 2805 ad·

181 2882 287 2925 versos
317 2858 364 2923 ire
395 2859 529 2924 audent:
561 2859 617 2943 qui
647 2858 788 2937 faoiunt,
820 2859 905 2943 quod
927 2859 1100 2926 Academia
1121 2859 1283 2926 Leidensis

183 2999 306 3064 semper
328 2980 405 3045 feeit
426 2983 459 3044 et
480 2979 577 3045 faciet
600 2981 757 3046 universa.

227 3101 319 3168 Nihil
351 3103 454 3168 dioam
485 3102 524 3167 de
553 3105 657 3167 vestro
689 3103 817 3179 ordine,
849 3098 1036 3180 Curatores,
1060 3099 1131 3168 Viri
1154 3101 1284 3188 amplis·

185 3223 265 3288 simi.
301 3221 346 3288 Ni
369 3242 435 3286 una
457 3221 646 3288 Nordoviois
669 3195 765 3287 otiam
788 3227 861 3307 post
883 3223 1080 3289 obsidionem
1104 3223 1285 3289 constantia

185 3345 357 3422 sufficeret,
390 3347 524 3409 testarer
547 3343 642 3422 alios,
669 3339 852 3409 Cornelium
873 3344 1020 3428 inprimis
1042 3341 1213 3424 Wittium,
1238 3341 1286 3410 di·

186 3485 286 3550 gnum
318 3463 468 3529 Miohab'li
499 3465 632 3530 Ruitero
662 3465 697 3529 in
726 3463 875 3531 Thamasi
906 3463 1073 3544 sumimur,
1097 3468 1147 3532 eui
1169 3465 1287 3533 Wittio

186 3584 374 3664 Academia,
407 3585 495 3650 iussu
524 3583 714 3650 (iuratorum
744 3585 878 3651 solemni
911 3587 1054 3650 oratione
1077 3586 1113 3651 in
1137 3587 1197 3652 hao
1219 3588 1289 3672 ipse

188 3709 263 3772 aede
287 3707 326 3770 de
348 3709 416 3770 tam
437 3705 555 3769 illustri
577 3705 710 3770 viatoria
732 3705 895 3790 gratulata
919 3709 968 3770 est
989 3709 1168 3791 praesenti;
1189 3710 1306 3772 testa,

185 3845 236 3890 rer
257 3823 410 3891 Iacobum
432 3824 690 3902 Wassenarium,
714 3825 871 3908 equitatui
892 3825 1104 3910 praefectum
1124 3866 1164 3876 --
1184 3850 1288 3913 neque

189 3947 280 4011 tuum
306 3965 440 4024 nomen,
464 3943 602 4010 Domine
624 3943 815 4025 Maasdami,
840 3965 990 4032 generose
1013 3968 1134 4027 eomes,
1158 3948 1289 4013 inorna-

190 4067 258 4130 tum
283 4065 509 4152 apostoritate
533 4063 687 4131 silebitur.

234 4185 346 4271 Neque
380 4185 482 4251 nostri
516 4185 635 4251 ordinis
669 4179 831 4265 homines,
867 4185 1041 4253 Clarissimi
1074 4187 1290 4270 Professores,

190 4327 247 4371 sua
282 4329 314 4371 so
347 4307 439 4371 unice
472 4308 549 4391 toga
581 4306 807 4385 involverunt,
842 4309 898 4371 aut
928 4308 1071 4372 oratione
1101 4312 1229 4375 tantum
1261 4315 1293 4376 et

191 4425 330 4493 consiliis
362 4423 411 4492 usi
444 4429 537 4505 sunt,
562 4449 754 4512 quamquam
775 4430 808 4491 ot
829 4425 891 4492 hoe
912 4427 1117 4494 laudabiliter
1139 4430 1291 4512 fecerint,

191 4549 247 4614 ubi
279 4571 347 4614 non
381 4547 450 4613 sine
483 4548 623 4633 periculo
656 4550 739 4614 esset
768 4547 977 4632 vigilandum.
1024 4549 1085 4616 Sed
1116 4551 1294 4644 Melderum
