3362 5300
542 584 580 656 bs:
606 582 731 656 rosanae
751 579 924 658 sennocae.
1248 587 1289 652 89

223 794 332 883 Atque
353 797 480 862 utinam
503 796 649 881 egregius
671 795 726 862 ille
748 799 781 861 et
803 795 907 861 bonus
931 793 979 860 vir
999 793 1214 860 Ruhnkenius
1233 816 1287 860 co·

178 921 282 1005 gitata
305 917 504 1005 perfecisset!
552 915 653 992 Quam
677 916 757 982 bene
781 937 818 980 ac
842 915 973 1000 pulchre
994 915 1168 1001 composita
1188 914 1287 982 Scali-

179 1043 266 1129 geri,
301 1039 552 1116 Hemsterhusii,
589 1038 775 1103 Ruhnkenii
809 1037 958 1102 nomina!
1012 1036 1139 1114 Quanto
1176 1037 1288 1103 melius
1378 1057 1383 1066 ·

179 1163 284 1230 varias
313 1162 398 1226 tanti
428 1159 552 1245 ingenii
574 1158 663 1224 dotes
686 1179 723 1223 ac
744 1157 879 1223 virtutes
901 1157 1167 1242 intelligeremus,
1192 1180 1288 1242 qnam

179 1305 269 1350 nnnc
298 1281 525 1366 intelligimus!
572 1279 719 1347 Vacuum
748 1300 824 1365 ergo
857 1282 890 1344 et
918 1278 1065 1344 relietum
1086 1278 1146 1344 hoc
1169 1301 1287 1346 munus

178 1407 343 1471 auctorem
367 1403 546 1488 exspectat,
571 1401 627 1486 qui
650 1403 687 1466 ut
709 1400 881 1484 aliquando
897 1399 933 1466 in
950 1398 1124 1465 Academia
1141 1398 1289 1465 leidensi

180 1526 375 1612 reperiatis,
410 1545 482 1587 eum
512 1524 644 1607 propter
673 1521 794 1606 gloriae
825 1520 1109 1598 necessitudinem,
1142 1524 1212 1586 turn
1243 1521 1288 1586 rei

181 1647 265 1712 bene
295 1644 453 1731 gerendae
483 1663 596 1719 omen,
620 1641 824 1706 vehementer
845 1644 1011 1726 optamus:
1036 1641 1098 1706 nisi
1119 1641 1191 1725 quis
1216 1644 1288 1728 pnl-

182 1767 295 1834 chrum
330 1787 396 1830 esse
431 1762 603 1828 arbitretur
633 1762 777 1828 sedulum
808 1761 946 1846 aliquem
979 1762 1174 1829 Germanum
1205 1764 1289 1828 hanc

182 1908 310 1973 quoque
333 1863 523 1950 domesticae
544 1883 648 1947 laudis
671 1882 834 1948 materiem
857 1883 950 1948 nobis
972 1884 1159 1968 praeripere.

229 2007 275 2072 Et
304 2006 361 2070 ubi
382 2009 539 2071 terrarum
563 2003 722 2088 Scaliger,
746 2003 849 2088 qualis
871 2007 1073 2088 quantusque
1096 2004 1214 2084 fuerit,
1233 2029 1288 2071 ve-

184 2129 250 2194 rius
281 2126 407 2192 ostendi
438 2124 574 2211 poterit,
605 2146 702 2209 qnam
730 2124 765 2188 in
792 2146 829 2189 ea
851 2125 945 2203 urbe,
969 2125 1005 2189 in
1027 2147 1091 2210 qua
1113 2128 1290 2211 postremos

184 2249 340 2316 sexdecim
362 2247 446 2314 vitae
468 2246 602 2312 illustris
625 2267 728 2311 annos
750 2244 924 2331 transegit,
949 2246 1005 2315 ubi
1024 2269 1097 2312 eum
1117 2269 1176 2333 per
1192 2249 1289 2314 vesti-

183 2372 238 2458 gia
260 2370 349 2455 sequi
367 2389 550 2454 possumus,
571 2367 627 2433 ubi
644 2368 787 2452 sepultus
806 2370 872 2445 est,
892 2371 925 2432 et
943 2368 1097 2453 plurima,
1122 2370 1218 2435 etiam
1237 2371 1289 2436 in-

184 2492 286 2569 edita,
319 2490 491 2574 supersunt
519 2489 746 2566 monumenta,
770 2487 876 2554 fontes
896 2511 933 2556 ao
956 2490 1113 2574 praesidia
1136 2489 1288 2556 historiae

186 2613 283 2697 longe
314 2611 461 2688 meliora,
489 2630 584 2694 qnam
606 2608 723 2693 quibus
745 2608 849 2675 adhue
872 2610 921 2674 usi
944 2614 1020 2678 sunt
1043 2609 1289 2696 Chanfepiedius

188 2737 220 2798 et
248 2732 344 2798 huius
367 2731 484 2796 similes
507 2731 696 2815 scriptores,
720 2731 860 2795 accurati
881 2731 1100 2798 interdnmin
1123 2732 1290 2800 calumniis

184 2854 341 2939 rebusque
370 2852 487 2918 odiosis
517 2850 707 2929 referendis,
740 2851 939 2938 negligentes
960 2853 995 2920 in
1014 2854 1053 2918 iis
1072 2853 1287 2940 exponendis,

185 2996 264 3060 qnae
297 2977 338 3040 ad
370 2974 468 3039 vitam
494 2973 692 3057 virtutesque
714 2972 881 3037 hominum
904 2973 985 3040 bene
1007 2974 1193 3040 iudicandas
1216 2997 1289 3060 per·

185 3095 306 3173 tinent,
338 3093 394 3180 qui
424 3115 465 3158 ne
492 3091 696 3178 Scaligerana
724 3092 867 3177 quidem,
892 3116 994 3180 neque
1018 3095 1167 3180 epistolas
1190 3094 1290 3161 Scali-

186 3216 253 3300 geri
283 3218 316 3280 et
338 3214 535 3299 aequalium,
557 3234 659 3297 neque
681 3212 858 3290 orationes,
881 3235 985 3298 neque
1008 3213 1123 3280 Latina
1147 3215 1290 3281 carmina

188 3336 360 3421 perlegisse
383 3335 542 3399 videntur.

184 3528 189 3534 ,
231 3456 360 3530 Interea
401 3455 481 3520 mihi
516 3460 565 3521 est
598 3455 724 3520 animus
757 3455 819 3521 hoc
853 3462 1079 3543 argumentum
1115 3460 1294 3546 attingere;

188 3601 262 3643 nam
288 3576 446 3663 explicare
470 3599 557 3641 nuno
579 3575 738 3641 difficilius
762 3579 819 3642 est.

232 3699 376 3764 Primum
406 3697 579 3783 imaginem
609 3697 778 3783 Scaligeri,
808 3699 977 3784 praecipue
999 3700 1113 3766 Leidae
1135 3700 1293 3782 viventis,

189 3841 377 3908 proponam.

232 3941 356 4007 Deinde
377 3941 549 4020 librorum,
573 3963 653 4026 quos
676 3943 818 4029 scripsit,
842 3944 1071 4028 praestantiam
1092 3945 1269 4031 explicabo.

194 4099 367 4112 m

225 4164 407 4232 Otauscpicda'us
428 4169 453 4216 et
475 4166 563 4216 amiur
584 4163 717 4233 temptores)
751 4167 933 4236 ffiaulcpiedius
956 4186 1003 4220 non
1021 4171 1078 4221 satis
1095 4169 1179 4222 Latine
1196 4159 1299 4234 sciebat,

192 4249 247 4298 adeo
269 4252 298 4300 ut
318 4248 440 4298 interdum
455 4247 526 4297 verbu
543 4249 651 4299 virorum
667 4251 804 4312 doctorum,
823 4251 908 4317 quibua
924 4269 969 4318 pro
986 4255 1123 4304 testimonio
1142 4251 1232 4315 utitur,
1251 4272 1299 4304 non

191 4329 316 4394 intelligat.
351 4330 492 4396 Exemplum
514 4331 580 4380 dedit
601 4333 635 4380 De
649 4333 739 4393 Grune,
758 4334 801 4383 Or.
819 4335 848 4382 de
866 4334 955 4384 Vosriis
972 4339 997 4384 et
1015 4333 1092 4386 Iuniis
1109 4352 1131 4402 p.
1153 4337 1196 4396 14,
1217 4341 1301 4404 annot,

192 4413 230 4463 28.
266 4415 350 4464 hotot
367 4417 391 4462 et
409 4414 436 4462 in
453 4413 503 4464 rita
516 4413 643 4477 Scaligeri‚
660 4416 690 4463 de
707 4415 789 4480 taqua
806 4416 878 4466 illius.

223 4495 354 4563 Epistulas)
391 4496 509 4560 ltpistelss
531 4496 645 4561 Scaligeri
667 4501 763 4562 praeter
785 4499 889 4548 sudoris
911 4503 1016 4552 mentam
1038 4516 1065 4549 se
1091 4501 1191 4550 fortasse
1219 4506 1302 4554 eontra

193 4578 309 4630 amicitiae
327 4577 479 4648 nequissimas
504 4577 567 4645 leges
584 4577 715 4646 publicatas
732 4596 793 4642 erse,
812 4581 934 4632 contendit
952 4583 1061 4634 Cunaens
1078 4583 1153 4651 spise.
1169 4601 1194 4654 p.
1210 4585 1267 4640 253.
