3362 5300
706 573 894 620 usoroemrs.
1284 556 1345 621 119

232 757 424 825 Guilielmus
455 757 487 823 V
517 759 659 823 eruditus
692 761 740 822 est
770 780 788 822 a
817 757 998 823 Professore
1020 755 1184 836 Leidensi,
1209 757 1340 853 Andrea

233 880 375 957 Weisio,
407 879 463 962 qui
493 879 548 943 Ius
579 879 722 944 Naturae
753 882 786 943 et
818 880 963 964 gentium
994 880 1138 944 docebat.
1186 878 1266 944 Erat
1286 884 1341 948 ille

234 1003 365 1087 quidem
403 999 609 1084 peregrinus,
645 999 699 1064 sed
732 999 768 1064 in
802 1000 966 1084 republica
1000 982 1107 1081 natus,
1153 1001 1341 1082 Helvetius,

233 1123 332 1186 homo
363 1121 504 1204 antiquis
533 1121 691 1199 moribus,
716 1121 866 1206 simplex,
891 1123 1027 1206 politus,
1053 1126 1090 1188 ut
1111 1124 1197 1188 inter
1218 1123 1341 1190 Basile-

235 1263 327 1307 enses
358 1242 478 1306 scilicet
508 1244 565 1306 aut
594 1240 791 1320 Hellandos,
823 1246 856 1306 et
882 1243 938 1327 qui
959 1242 1122 1308 fortunam
1144 1245 1235 1310 aulae
1257 1269 1341 1310 nun-

234 1385 334 1447 quam
368 1364 553 1445 optaverat,
589 1364 705 1425 nedum
736 1363 876 1427 terendis
905 1364 1085 1447 potentium
1116 1364 1279 1430 liminibus
1311 1368 1344 1430 et

234 1481 464 1548 Brunsvicensi
494 1502 552 1564 per
580 1480 717 1546 humiles
747 1482 954 1548 salutab'ones
984 1484 1169 1569 fatigando,
1194 1489 1342 1571 captave-

236 1605 306 1668 rat:
340 1602 501 1666 dissimilis
531 1601 643 1666 vilium
667 1602 863 1682 animarum,
889 1604 959 1688 qui,
983 1605 1126 1670 omnium
1148 1629 1253 1672 rerum
1277 1629 1343 1672 esse

236 1724 404 1809 cupientes
433 1723 545 1807 primi,
579 1721 766 1787 felicitatem
796 1724 837 1787 ab
868 1723 963 1809 Haga
986 1723 1147 1791 Comitum
1169 1729 1262 1792 unice
1284 1728 1342 1792 ha·
1374 1709 1376 1714 ,

235 1846 359 1910 bebant
389 1865 591 1928 suspensam,
623 1842 751 1928 Hagam
779 1846 999 1924 somniabant,
1022 1845 1150 1931 Hegam
1172 1847 1344 1932 vigilantes

236 1965 470 2050 respiciebant,
502 1963 567 2029 fere
598 1967 635 2028 ut
664 1963 810 2030 Moslemi
839 1966 875 2029 in
902 1965 1096 2050 quotidianis
1119 1968 1264 2051 precibus
1288 1991 1343 2034 ora

238 2090 282 2151 ad
323 2085 478 2170 templum
519 2084 708 2150 Mecoenum
742 2087 943 2150 convertunt.
1001 2086 1088 2152 Talis
1123 2090 1173 2154 vir
1205 2090 1345 2156 Weisius

238 2207 449 2272 Guilieimum
472 2207 558 2270 totos
581 2227 636 2270 sex
658 2225 760 2270 annos
782 2206 935 2271 inst'tuit.

234 2378 236 2382 .
288 2328 372 2404 Quot
401 2330 538 2411 quantas
561 2348 611 2390 res
633 2326 757 2390 iuvenis
779 2349 852 2391 cum
874 2348 911 2391 eo
935 2328 1066 2412 aliisque
1089 2332 1347 2416 praeceptoribus

240 2450 293 2514 vel
315 2447 480 2512 inchoavit
501 2448 552 2511 vel
570 2447 773 2511 confinuatas
790 2447 944 2512 absoluit!
965 2449 1142 2535 Religionis
1153 2452 1344 2531 doctrinam,

239 2569 361 2636 multas
394 2569 543 2652 linguas,
578 2566 826 2646 Mathematica,
863 2568 1121 2636 Architecturam
1155 2573 1344 2652 militarem,

241 2691 398 2776 Physica,
432 2687 635 2765 Mechanica,
670 2687 863 2766 Historiam,
899 2689 1151 2776 Geograpbiam,
1185 2693 1346 2778 Iurispru-

242 2813 395 2877 dentiam.
443 2809 565 2885 Quotus
597 2809 730 2894 quisque
759 2814 900 2874 vestrum
931 2812 994 2889 est,
1027 2813 1208 2878 amicissimi
1239 2812 1346 2879 adole-

241 2936 386 3009 scentes,
417 2954 492 2995 nam
522 2929 574 2994 hic
606 2950 666 3014 ego
696 2951 753 2994 vos
782 2931 955 3015 compello,
989 2936 1106 3015 quotus
1136 2933 1269 3019 quisque
1291 2957 1346 3000 ve.

243 3056 348 3118 strum
370 3056 435 3129 est,
460 3051 514 3135 qui
537 3051 577 3115 ad
600 3050 685 3115 hano
708 3051 1056 3129 commemorationem,
1081 3073 1148 3118 non
1172 3054 1260 3131 dieo,
1281 3077 1348 3119 non

242 3177 423 3252 horrescat,
448 3173 519 3250 sed,
543 3173 569 3236 si
591 3173 627 3235 in
649 3194 686 3237 eo
708 3173 777 3236 loco
795 3171 922 3250 fuisset,
944 3193 1010 3236 non
1029 3173 1149 3258 aliquid
1169 3176 1347 3240 detractum

243 3297 412 3380 optasset?
458 3293 564 3356 Erunt
592 3292 689 3357 stiam
718 3293 773 3376 qui
804 3292 900 3369 haec,
926 3296 964 3357 ut
986 3293 1118 3358 alicuius
1140 3315 1208 3359 non
1230 3295 1349 3380 privati

243 3417 368 3493 studia,
399 3415 434 3478 in
465 3414 567 3477 maius
598 3415 691 3477 aucte
717 3413 926 3498 suspicentur.
974 3413 1111 3492 Audite,
1135 3416 1213 3499 quid
1236 3417 1349 3481 dicam.

245 3537 436 3603 Guiiieimus
466 3535 498 3600 V
525 3534 584 3598 bas
612 3537 696 3599 artes
725 3538 757 3599 et
789 3534 971 3619 disciplinas
995 3556 1061 3600 non
1084 3537 1178 3600 modo
1201 3537 1350 3603 utilitatis

247 3662 282 3724 et
309 3656 490 3722 ornamenti
513 3655 618 3740 gratia
640 3655 755 3732 coluit,
780 3657 834 3718 sed
856 3655 953 3719 etiam
975 3655 1011 3719 in
1035 3656 1207 3721 nonnullas
1228 3658 1276 3721 ita
1298 3658 1350 3722 in·

248 3779 379 3856 cubuit,
412 3780 448 3841 ut
471 3777 517 3854 ei,
542 3776 597 3860 qui
619 3779 732 3840 docere
754 3776 867 3854 vellet,
888 3777 1050 3841 interdum
1074 3776 1207 3841 similior
1229 3777 1351 3842 videre-

248 3904 313 3966 tur.
360 3898 454 3982 Legit
485 3900 518 3962 et
547 3896 703 3981 excerpsit
733 3897 919 3981 praecipuos
949 3897 1062 3961 aetab's
1085 3895 1254 3981 Augustae
1276 3898 1354 3962 sori-
1415 3890 1417 3894 ’

249 4023 375 4107 ptores,
408 4023 519 4105 poetas
550 4017 615 4082 iere
646 4018 775 4082 tenebat
805 4017 1004 4095 memoriter,
1028 4017 1191 4082 Unionem
1213 4018 1354 4083 Ultraie-

250 4143 391 4218 otinam,
411 4142 520 4225 legum
539 4141 720 4204 nostrerum
731 4142 811 4203 tunc
822 4136 1082 4214 fundamentum,
1095 4138 1357 4203 annotationibus

288 4441 418 4507 Religionis
443 4441 590 4499 mordeam,
616 4441 706 4490 mutas
732 4439 837 4503 linquae,
861 4440 918 4501 cet.)
953 4437 995 4487 Ed.
1020 4453 1057 4502 pr.
1082 4437 1211 4502 Relipionie
1236 4439 1360 4500 doctrino,

256 4525 348 4575 multoc
367 4526 473 4589 capreae,
491 4527 536 4574 eet.
553 4523 633 4573 omnia
649 4531 704 4572 casu
722 4521 877 4572 nominativo.
