3338 5302
642 545 681 592 aa
700 547 848 602 capuano,
1258 525 1298 590 27

193 732 303 816 perat,
325 729 361 804 in
384 730 528 802 ordinem
552 730 708 804 maiorum
731 731 878 814 gentium
896 730 1054 807 eacendit,
1074 728 1298 814 Professorque

192 849 401 934 Theoloffiam
425 849 541 920 doerit.

239 971 374 1043 interim
398 969 649 1054 Wyttenbachio
672 972 796 1054 requies
820 973 852 1036 et
869 971 970 1035 otium
986 971 1183 1050 conceditur,
1201 993 1298 1056 quac-

193 1092 386 1176 rebaturqne
408 1093 502 1158 tanto
524 1091 592 1156 uiro
615 1092 650 1155 in
674 1091 816 1164 docenda
838 1091 1008 1176 praecipue
1027 1091 1161 1156 hmtoria
1177 1114 1299 1158 sucees-

194 1235 256 1279 sor.
314 1212 409 1282 Ratio
450 1213 609 1278 docendae
643 1213 678 1278 in
711 1213 892 1283 Academiie
925 1213 1075 1286 historiae
1110 1214 1151 1278 ab
1184 1214 1301 1282 usitata

195 1337 293 1418 vulgo
324 1334 448 1400 ratione
471 1333 650 1401 deflexerat.
697 1333 853 1400 ductores
877 1337 910 1398 et
932 1338 1054 1406 actores
1077 1335 1171 1400 huius
1193 1338 1300 1404 muta·

197 1457 296 1522 tionis
338 1455 399 1520 hoc
435 1453 557 1523 factum
588 1475 655 1519 non
684 1455 720 1520 in
749 1477 819 1525 eam
849 1459 973 1540 partem
1005 1457 1106 1540 accipi
1132 1457 1300 1535 volebant,

197 1577 288 1662 quasi
310 1576 488 1660 superiores¹
509 1575 652 1640 historici
675 1574 777 1642 officio
799 1598 868 1642 non
891 1576 1120 1644 satisfecissent
1143 1601 1218 1656 auo,
1247 1581 1304 1643 aut

198 1699 305 1764 minus
329 1698 369 1762 ab
393 1697 570 1764 eruditione
592 1699 699 1766 caecat
720 1699 834 1783 parati.
870 1697 940 1772 Imo
962 1699 998 1764 in
1022 1699 1162 1777 coelum,
1186 1704 1222 1764 ut
1244 1721 1305 1784 par

199 1823 285 1897 erat,
317 1817 464 1886 laudibus
486 1817 633 1884 ferebant
655 1817 920 1904 Weeaelingium,
945 1818 1191 1899 Offerhauaium,
1216 1819 1304 1888 Peri·

199 1940 345 2018 aoninm,
380 1938 601 2018 Burmannus,
640 1939 832 2018 Rhoetiam,
868 1941 1006 2026 alioaqae
1040 1943 1135 2010 etiam
1169 1943 1305 2008 recentia

201 2063 371 2127 memoriae
401 2060 609 2134 Professores,
655 2061 717 2130 Sed
745 2064 870 2129 meato
891 2064 926 2128 in
950 2064 1039 2130 omni
1060 2063 1127 2130 fere
1148 2066 1306 2134 terrarum

202 2185 279 2258 orbe
301 2183 468 2256 civitatum
490 2183 642 2268 ingenio,
663 2183 841 2258 doctrinam
864 2183 1048 2249 hannone
1067 2185 1107 2252 ad
1125 2184 1186 2250 hoe
1204 2184 1307 2268 magis

201 2305 504 2380 accommodandam
535 2305 726 2382 censebant,
755 2307 788 2370 et
810 2305 1039 2389 querebantur,
1064 2328 1151 2384 eam,
1175 2310 1213 2372 ut
1236 2327 1306 2372 eor·

202 2449 261 2512 pue
291 2425 410 2502 animi,
439 2426 487 2500 ita
516 2424 706 2500 Graecarum
735 2425 986 2511 Latinarumque
1009 2427 1174 2495 literarum
1196 2427 1308 2498 haberi

202 2547 420 2632 appendicem.
466 2546 543 2621 Ideo
573 2547 814 2622 arbitrabantur
844 2571 910 2616 esee
933 2549 1151 2634 erepublica,
1179 2551 1217 2616 ut
1238 2549 1308 2632 ipsa

202 2669 342 2742 hiatoria
355 2669 510 2744 familiam
529 2670 619 2755 quaai
639 2671 767 2738 duceret
782 2694 872 2742 auam
882 2719 890 2750 ,
902 2693 968 2738 non
979 2693 1070 2737 serva
1081 2673 1163 2738 esset
1175 2670 1308 2738 alienae.

203 2789 294 2864 Idem
327 2790 392 2864 iam
422 2789 460 2857 in
482 2791 554 2861 aliia
575 2790 726 2876 Europae
745 2792 930 2864 civitatibus
952 2792 1084 2877 ingenio
1107 2795 1141 2857 et
1163 2791 1309 2859 doctrina
1412 2857 1413 2860 ,

203 2911 357 2984 florentes,
382 2911 442 2976 viri
472 2914 679 2996 optaverant,
701 2916 750 2991 et,
774 2916 953 2981 monstrata
976 2916 1191 2982 emendandae
1214 2913 1308 2978 disci·

204 3033 314 3118 oliuae
328 3033 395 3110 va,
412 3036 781 3112 commendarentur
797 3034 935 3104 Ioannes
946 3034 1113 3119 Augustus
1124 3034 1308 3113 Ernestiue,

168 3153 169 3156 ’
204 3174 299 3236 quem
322 3153 453 3217 honoris
475 3174 570 3217 eausa
594 3153 737 3239 appello,
761 3154 796 3218 in
820 3154 935 3238 Elegio
959 3153 1134 3224 Christiani
1156 3155 1308 3226 Ioechcri.

204 3273 253 3348 lllt
280 3295 354 3348 uero
385 3274 657 3360 wyttenbachius.
684 3275 808 3348 chous
830 3299 903 3344 suas
933 3277 998 3346 iam
1025 3277 1089 3345 ieta
1118 3297 1231 3348 norma
1260 3278 1309 3341 di-

204 3399 345 3474 rexerat,
376 3400 410 3463 et
436 3397 591 3480 pristiam
613 3395 750 3476 formae,
774 3399 880 3464 nudae
901 3399 950 3464 illi
973 3402 1006 3464 et
1028 3399 1140 3484 gracili
1163 3404 1197 3465 et
1218 3399 1309 3478 exili,

195 3520 377 3596 ,ornatum
398 3517 537 3592 nitorem
558 3522 592 3583 et
612 3539 727 3604 corpus
750 3519 984 3588 conciliaverat.
1031 3519 1093 3587 Sed
1115 3519 1310 3604 Wyttenba·

206 3637 299 3712 chiua
331 3639 366 3702 in
397 3659 434 3704 eo
464 3642 549 3718 erat,
581 3642 618 3714 ut
645 3661 773 3705 cursum
804 3639 938 3708 illustria
967 3643 1001 3712 et
1029 3621 1205 3712 laboriosae
1227 3639 1311 3704 vitae

205 3758 401 3838 conficeret,
433 3759 546 3834 similia
578 3761 740 3845 splendori
775 3761 850 3830 solia
884 3760 1066 3830 occidentia.
1121 3760 1226 3826 Solem
1259 3759 1312 3830 hic

206 3879 367 3954 ortanam,
386 3879 567 3955 referebant
588 3881 738 3954 nouandi
761 3883 796 3951 in
819 3883 925 3969 patria
947 3885 1058 3952 nostra
1076 3881 1196 3966 egregii
1213 3881 1312 3959 cives,

172 4028 175 4033 ·
205 3999 281 4084 qui,
310 4003 350 4075 ut
377 3999 554 4076 Haeremus
582 4002 617 4068 in
650 4001 836 4082 Germania,
861 4004 1024 4089 propriam
1046 4002 1199 4071 historiae
1221 4000 1313 4069 seho-

205 4121 274 4198 Μ
296 4123 534 4198 constituerunt
555 4124 591 4190 in
613 4123 736 4209 Belgio.
766 4125 871 4196 Metus
894 4128 978 4203 erat,
1001 4126 1112 4202 credo,
1131 4126 1185 4202 ut,
1203 4143 1314 4206 quam-

206 4241 258 4307 vis
291 4242 436 4321 invitati,
473 4241 603 4308 Laidem
638 4245 794 4310 venirent.
841 4244 1010 4311 Provincia
1044 4244 1140 4310 etiam
1173 4241 1315 4325 Borssoro

206 4362 357 4442 offertur,
382 4363 409 4428 si
431 4367 555 4433 mutere
577 4365 674 4432 vellet
697 4365 914 4450 Theologiam.
961 4363 1038 4430 Non
1062 4361 1247 4430 dubitanter
1263 4383 1315 4427 aa·

207 4484 306 4567 cipit,
331 4487 364 4558 ot
387 4485 541 4564 continuo
564 4486 744 4566 admirabili
767 4487 904 4572 qudem
926 4485 1086 4572 sapientia
1102 4483 1316 4558 administrat·
