3362 5300
661 605 851 683 samosatis.
1239 591 1299 656 117

192 787 335 852 iunxisse
366 789 508 868 videtur,
533 793 571 854 ut
593 789 686 855 alteri
709 792 777 856 sine
800 791 908 856 alteris
931 812 998 855 esse
1021 788 1129 857 felices
1152 812 1218 856 non
1241 813 1302 877 po-.

191 911 366 988 tuerimus,
398 914 430 976 et
462 933 669 995 unaquaeque
699 912 914 977 controversia
936 934 973 976 ec
996 911 1161 976 dissidium
1185 914 1300 979 amoris

191 1031 368 1116 integratio
391 1032 580 1097 exstiterint.
627 1031 728 1108 Quam
751 1054 844 1117 saepe
868 1055 887 1097 a
909 1031 1049 1117 periculo
1072 1054 1172 1118 prope
1193 1033 1299 1098 abfui-

191 1175 281 1230 mus,
305 1175 345 1216 ne
369 1153 466 1238 stirps
489 1152 590 1218 virilis
613 1153 884 1237 exstingueretur!
932 1152 1001 1228 Qua
1026 1174 1101 1218 cura
1124 1153 1211 1219 Deus
1230 1178 1299 1218 ma·

191 1274 261 1338 lum
284 1274 417 1351 avertit,
443 1275 521 1338 adeo
543 1277 581 1337 ut
604 1295 692 1339 nunc
715 1273 844 1358 quidem
866 1273 954 1338 omni
977 1276 1066 1338 metu
1090 1273 1216 1338 liberati
1235 1297 1301 1340 esse

191 1395 375 1460 videamur!
414 1394 584 1458 Mauritius
608 1416 738 1459 uxorem
760 1415 827 1459 non
851 1394 952 1458 duxit.
989 1393 1148 1460 Henricus
1170 1397 1327 1462 unicum¹

191 1515 296 1579 filium
327 1515 474 1598 reliquit,
508 1516 545 1578 ut
576 1515 692 1579 caeteri
723 1514 968 1580 Gubernatores.
1017 1515 1206 1581 Guilielmus
1230 1517 1299 1595 III,

191 1635 332 1700 Ioannes
356 1633 547 1699 Guilielmus
570 1633 678 1713 Friso,
705 1634 895 1700 Guilielmus
917 1635 983 1713 IV,
1008 1637 1041 1700 et
1063 1635 1252 1702 Gmlielmus
1271 1637 1303 1702 V

191 1777 266 1821 suos
289 1759 396 1841 patres
419 1755 471 1818 vel
494 1754 548 1820 vix
570 1759 805 1840 cognoverunt,
830 1756 881 1819 vel
904 1777 972 1821 non
995 1757 1155 1821 viderunt.
1196 1757 1301 1833 Quum

192 1876 383 1942 Grdlielmus
422 1875 472 1940 IV
507 1898 534 1939 a.
574 1877 659 1941 1747
696 1873 901 1942 Gubernator
934 1877 1164 1943 haereditarius
1198 1883 1301 1944 totam

190 1996 422 2081 rempublicam
457 2019 514 2062 suo
547 1998 642 2062 unius
673 1999 806 2082 imperio
838 1999 1125 2083 complectebatur,
1157 2001 1235 2064 boni
1267 2006 1299 2066 et

191 2117 396 2202 providentes
416 2116 590 2183 Necrlandi
608 2117 811 2183 vehementer
827 2119 1040 2184 laetabantur.
1069 2120 1300 2206 intelligebant

191 2240 277 2302 enim
307 2261 414 2303 veram
440 2238 621 2302 libertatem
644 2261 711 2303 non
733 2239 768 2303 in
792 2260 828 2302 co
852 2240 963 2316 sitam,
986 2244 1024 2305 ut
1046 2239 1125 2305 alios
1148 2263 1205 2306 suo
1229 2242 1298 2307 loco

192 2381 337 2438 moveas,
362 2361 483 2443 etipse
507 2361 671 2437 succedas,
695 2380 799 2443 neque
821 2360 944 2424 latebat
965 2361 1086 2426 nullam
1111 2384 1176 2427 esse
1196 2363 1297 2428 Neer·

190 2481 317 2545 landiae
357 2479 574 2563 capitaliorem
618 2482 759 2563 pestem,
796 2503 890 2565 quam
926 2503 979 2547 eos
1014 2483 1204 2566 optimates,
1242 2484 1297 2567 qui

191 2605 308 2668 cuncta
338 2622 470 2664 munera
497 2602 530 2664 et
553 2598 689 2664 honores
712 2600 773 2664 sibi
796 2602 924 2686 suisque
947 2602 1103 2668 trahendo
1126 2605 1295 2688 rapiendo,

189 2723 273 2788 cives
297 2723 439 2787 exclusos
461 2721 645 2804 spretosque
672 2723 911 2804 exasperabant.
958 2723 992 2788 si
1014 2723 1220 2803 Guilielmus,
1244 2725 1294 2791 di-

190 2845 322 2921 cebant,
359 2842 499 2908 consiliis
532 2842 690 2906 iustorum
722 2842 888 2908 hominum
923 2845 1042 2923 utitur,
1081 2846 1206 2911 sublata
1236 2847 1298 2911 erit

191 2968 293 3030 mater
327 2963 555 3028 discordiarum
590 2963 788 3047 improbitas.
842 2964 948 3031 Huius
982 2966 1122 3032 laetitiae
1156 2989 1193 3032 ac
1227 2968 1296 3053 spei

191 3086 361 3152 candidum
392 3085 600 3168 interpretem
622 3083 736 3148 habuit
757 3084 930 3151 Academia
953 3090 1062 3151 nostra
1083 3074 1313 3153 Hemsterhu?

191 3209 291 3285 sium,
325 3207 381 3291 qui
403 3204 574 3270 Guilielmo
595 3204 660 3282 IV,
685 3205 816 3270 Leidam
839 3206 971 3285 visenti,
997 3229 1034 3272 ex
1056 3209 1117 3274 hoc
1141 3212 1295 3294 suggestu

190 3330 236 3394 ita
259 3327 440 3413 gratulatus
459 3329 524 3402 cst,
545 3328 583 3388 ut
601 3324 766 3410 Principe,
786 3330 824 3391 ut
842 3326 1033 3407 Academia,
1054 3334 1091 3395 ut
1106 3329 1176 3414 ipso
1193 3328 1294 3395 Hem·
1391 3413 1393 3418 Ι

191 3448 348 3516 sterhusio
380 3447 514 3532 dignum
540 3449 617 3511 erat.
664 3445 708 3509 Et
729 3447 920 3531 loquebatur
942 3451 983 3513 ad
1007 3450 1197 3534 discipulum
1220 3451 1296 3514 olim

192 3592 299 3647 suum,
325 3571 511 3653 praeceptor
532 3565 695 3631 Historiae
714 3565 944 3633 Neerlandieae
966 3569 1001 3633 in
1024 3568 1195 3635 Academia
1218 3571 1297 3636 Fra-

193 3712 389 3775 nequerana,
421 3688 477 3752 ubi
509 3686 699 3752 Guilielmus
721 3688 821 3752 vitam
844 3693 969 3773 egerat,
994 3711 1075 3774 quae
1097 3690 1298 3755 nobilitatem

193 3811 327 3877 Frisiam
355 3809 490 3896 pulchro
520 3801 666 3893 inprimis
696 3809 840 3893 exemplo
863 3813 1030 3894 pungeret.
1077 3809 1121 3874 Et
1142 3832 1217 3876 vero
1240 3831 1299 3896 po-

194 3935 325 4010 testate,
357 3907 512 4016 quantam
543 3930 591 3994 sui
621 3929 756 3994 maiores
784 3952 950 4015 nunquam
973 3931 1169 4009 habuerant,
1194 3954 1227 3996 se
1251 3933 1299 3996 di·

196 4075 293 4138 gnum
315 4053 474 4129 ostendit,
494 4051 646 4116 recusatis
666 4053 850 4116 constanter
870 4051 992 4117 eximiis
1011 4027 1203 4131 honoribus,
1222 4074 1301 4137 quos

197 4176 349 4260 populus,
381 4171 526 4237 favorum
557 4193 680 4255 semper
711 4172 884 4256 prodigus,
916 4193 1015 4257 eoque
1044 4173 1208 4258 Principes
1231 4195 1301 4264 cor·

199 4315 365 4380 rumpens,
388 4292 425 4355 in
447 4290 586 4357 invitum
610 4292 812 4376 congerebat.
859 4291 947 4359 Nota
969 4297 1018 4359 est
1036 4294 1198 4378 praeclara
1217 4292 1301 4359 Nas-
1387 4315 1390 4320 ’

199 4457 354 4476 ann—’‘¹'—

230 4565 368 4615 Poteatate.
381 4603 386 4612 .
398 4602 419 4612 ..
438 4580 462 4614 re
478 4563 583 4628 dynam)
617 4563 659 4613 Ed.
677 4579 714 4628 pr.
729 4565 886 4626 potestatem.
899 4601 904 4612 .
917 4601 937 4612 ..
957 4579 982 4614 ee
999 4563 1114 4613 meritam
1164 4635 1165 4640 1
