3362 5296
589 592 758 644 acaunum
779 595 940 644 mmmsrs.
1259 569 1321 638 175

236 849 239 856 ,
280 777 392 861 Tuque
414 777 511 854 adeo,
543 775 728 855 Guilielme,
752 779 798 844 rei
821 800 893 863 spes
915 777 1038 862 optima
1060 778 1206 852 nostrae,

347 895 456 980 Atque
478 897 593 981 ingens
616 898 744 981 populi,
769 898 814 962 Te
837 896 1037 973 venerantis,
1061 895 1182 960 honos!

263 1012 331 1082 'ru
353 1017 475 1101 patriae
498 1017 602 1082 laudis
625 1019 744 1082 multos
767 1018 809 1082 sis
833 1019 924 1083 testis
946 1018 982 1082 in
1006 1037 1126 1092 annos,

349 1137 439 1213 Quod
469 1137 565 1215 facis,
596 1135 718 1202 Aonias
746 1141 779 1202 et
801 1140 910 1202 tueare
932 1137 1025 1202 Deas.

281 1256 351 1321 Hoc
375 1279 394 1320 a
416 1256 461 1321 Te
484 1259 540 1322 tua
562 1257 660 1322 Laida
681 1257 774 1341 petit.
820 1257 923 1336 Nam,
946 1258 1077 1342 ignosce
1099 1255 1237 1332 fatenti,

351 1375 572 1461 Optimam,
598 1379 722 1462 generis
746 1378 843 1444 Leida
865 1380 1045 1463 propinqua
1068 1378 1115 1442 tui
1140 1380 1198 1442 est.
1290 1392 1294 1402 ’

283 1497 408 1561 Primus
430 1496 623 1580 imaginibus
646 1497 750 1582 fatiget
773 1497 949 1564 Gulielmus
972 1499 1084 1574 avitis,

351 1615 451 1691 Quem
481 1619 585 1694 recta,
616 1620 655 1681 ut
676 1638 749 1682 caro
773 1620 921 1697 nomine,
945 1621 1053 1683 mente
1076 1617 1183 1682 refers.

284 1735 398 1800 Libera
420 1759 518 1820 quum
540 1738 642 1820 portis
664 1738 806 1822 spirabat
828 1737 926 1802 Leida
948 1737 1095 1814 reclusis,

351 1854 421 1918 Lux
443 1857 492 1920 illi
515 1879 679 1940 nunquam
702 1858 790 1923 venit
815 1857 991 1921 amabilior.

284 1975 356 2039 Hac
381 1976 448 2039 sola
469 1976 655 2040 innumeras
678 1978 835 2061 pensabat
858 1977 927 2042 luce
951 1977 1116 2054 tenebras,

352 2095 543 2160 Percurrens
566 2097 651 2161 vitae
673 2098 778 2161 tristia
801 2098 903 2161 multa
927 2120 1011 2161 suae.

285 2213 335 2278 Ex
358 2215 457 2278 oculis
480 2215 638 2300 lacrymae
660 2217 799 2281 cecidere
821 2218 1028 2282 tumentibus.
1075 2216 1119 2280 nt
1144 2239 1176 2280 se

352 2335 417 2400 Vix
439 2336 548 2420 potuit
569 2337 684 2420 grandi
707 2359 799 2401 mens
821 2359 933 2421 capere
957 2337 1023 2400 alta
1047 2337 1128 2402 sinu.

285 2457 377 2522 Vidit
399 2458 433 2521 in
456 2457 517 2521 hcc
536 2478 601 2521 unc
626 2458 743 2522 multos
766 2458 861 2522 simul
883 2459 930 2522 ire
952 2457 1152 2541 triumphos,

353 2577 397 2641 Et
419 2577 550 2642 Leidam
572 2579 693 2662 patriae
716 2600 787 2642 cum
811 2582 902 2663 patre
923 2578 1030 2643 iunxit
1053 2597 1151 2642 amor.
1222 2587 1224 2592 '

286 2698 427 2762 Transiit
448 2699 489 2763 ad
512 2699 637 2784 generis
659 2721 745 2764 seros
768 2720 858 2764 amor
880 2700 941 2764 iste
963 2701 1105 2783 nepotes.

353 2817 421 2883 Nec
442 2820 505 2884 dici
532 2820 697 2884 haeredem
722 2821 770 2896 te,
796 2819 970 2896 Gulielme‚
994 2820 1109 2903 pudet:

286 2936 367 3003 Heic
390 2939 445 3002 nbi
467 2939 610 3003 Mauritii
634 2940 742 3004 doctas
766 2939 903 3004 formata
926 2961 983 3024 per
1006 2941 1090 3002 artes

354 3058 445 3122 Mens
468 3060 597 3124 dubiam
619 3061 703 3124 rexit
726 3083 782 3145 per
805 3060 888 3124 freta
910 3082 1003 3125 saeva
1023 3062 1142 3136 ratem,

286 3177 335 3243 Tu
358 3200 484 3264 quoque
507 3181 649 3246 discebas
671 3182 823 3246 viridanti
844 3181 880 3244 iu
902 3181 979 3244 flore
1001 3179 1168 3255 iuventae,

353 3299 422 3375 Quo
449 3302 570 3386 patriae
593 3323 701 3391 posses
725 3302 813 3366 utilis
836 3323 903 3364 esse
924 3302 1008 3363 tuae.

285 3417 408 3504 Aspera
430 3421 498 3485 fata
522 3423 576 3486 diu
599 3425 631 3486 et
654 3443 802 3506 grassans
824 3421 893 3485 sine
916 3420 986 3504 lege
1008 3419 1156 3502 tyrannis

352 3540 475 3605 Invidit
496 3543 617 3626 patriae
638 3546 671 3606 te
693 3541 893 3626 patriamque
912 3541 982 3605 tibi.

285 3660 433 3726 Divulsos
455 3663 570 3727 iterum
592 3663 699 3726 iunxit
721 3663 806 3727 Deus
828 3663 905 3747 ipse.
952 3660 1111 3744 Reditque

354 3780 509 3846 Nassavia
532 3804 674 3848 crescens
697 3784 808 3848 nostra
832 3782 933 3846 salute
955 3781 1049 3845 salus.

287 3900 314 3967 Ο
337 3903 383 3966 ita
405 3905 459 3980 tu,
483 3924 656 3987 perquem
680 3903 773 3967 nobis
795 3902 869 3967 licet
891 3923 958 3966 esse
982 3901 1100 3978 beatis,

355 4020 525 4087 Communi
551 4023 657 4106 vigeas
680 4023 767 4087 dives
791 4043 897 4086 amore
919 4023 1033 4086 senex!

287 4141 400 4207 Libera
422 4141 629 4206 Arausiacam
651 4145 708 4206 tua
729 4164 786 4226 per
808 4142 944 4226 vestigia
964 4142 1095 4226 stirpem

355 4262 485 4346 Belgica
506 4263 703 4346 praeclarum
726 4284 853 4347 carpere
876 4265 998 4346 spectet
1019 4262 1089 4326 iter.

287 4381 370 4446 Tum
392 4403 535 4466 quoque,
558 4385 628 4446 tum
650 4383 727 4446 felix
746 4383 833 4446 hunc
855 4381 953 4446 Leida
975 4383 1076 4447 redire
1100 4381 1221 4446 videbit

356 4500 506 4587 Auspicio
530 4524 652 4586 semper
674 4502 855 4567 candidiore
878 4502 971 4566 diem.
