3362 5300
1200 607 1261 677 133

919 814 944 874 ³.
970 813 1028 876 hos
1052 834 1111 898 ego
1128 813 1266 878 arbitror

1027 957 1114 998 -rum
1138 955 1265 1019 gravio·

963 1199 1011 1251 σε,
1036 1177 1072 1238 ui
1095 1174 1267 1258 singularis

915 1318 938 1357 is
971 1316 1037 1358 non
1068 1295 1167 1377 parvi.
1189 1316 1268 1377 pen·

852 1439 875 1476 a
899 1415 1002 1478 modic
1024 1414 1085 1478 hoc
1109 1414 1268 1481 consecuti

800 1536 924 1597 >enatus
948 1533 1131 1598 Academici
1153 1532 1268 1596 Facul-

678 1830 809 1897 olom.

622 2011 760 2077 Gerarde
790 2013 829 2077 de
852 2013 963 2091 Vries,
987 2013 1182 2092 Abrahami,
1206 2014 1270 2080 cari

554 2152 565 2194 c
588 2131 714 2197 Samuel
738 2132 906 2216 Sarphati‚
929 2131 1118 2198 Academiae
1143 2138 1271 2200 nostrae

525 2253 707 2330 meremini,
732 2256 819 2337 quod
841 2275 908 2318 non
932 2253 1081 2338 exiguum
1105 2258 1170 2334 est,
1194 2258 1268 2319 ten-

460 2375 596 2439 tocnnes
620 2375 749 2457 quidem
771 2373 950 2439 [rudovicus
973 2374 1180 2453 Schlimmer‚
1200 2375 1268 2439 Mc-

398 2549 403 2554 .
434 2515 493 2558 nos
525 2494 700 2566 studiosus,
733 2497 849 2559 sortem
882 2494 996 2559 habuit
1025 2494 1205 2572 infelicem,
1237 2499 1270 2560 et

365 2622 396 2676 t.
442 2613 589 2679 Facultae
625 2615 750 2681 Medica
780 2616 898 2681 librum
927 2616 1012 2680 illius
1044 2637 1137 2680 aureo
1169 2635 1267 2680 numo

328 2735 465 2812 censuit,
489 2736 659 2818 antequam
683 2739 844 2802 auctorem
868 2738 1070 2820 cognoverat.
1109 2734 1266 2820 Cognito,

295 2855 322 2918 si
347 2855 512 2932 voluisset,
538 2879 673 2921 numum
696 2856 863 2920 decernere
884 2877 952 2920 non
976 2857 1098 2940 potuit,
1124 2856 1198 2939 quia
1220 2855 1266 2920 le-

239 2997 316 3037 num
339 2978 463 3060 tempus
486 2976 522 3039 in
544 2974 716 3040 Academia
739 2996 806 3039 non
829 2977 996 3060 transegit.
1028 2974 1062 3039 Si
1085 2997 1136 3040 me
1160 2975 1267 3052 audit,

198 3097 309 3158 dmum
343 3098 510 3180 propterea
530 3118 597 3161 non
620 3095 782 3172 demittet,
806 3098 861 3160 aed
884 3116 934 3159 ree
957 3117 1047 3172 suas,
1070 3097 1108 3159 ut
1129 3095 1267 3178 incepit,

164 3217 212 3276 ita
243 3218 385 3298 peraget.
431 3214 554 3280 Deinde
580 3215 710 3279 honoris
733 3237 826 3279 cauae
848 3211 981 3279 nomino
1003 3213 1167 3279 Andream
1190 3213 1268 3278 (ior-

164 3333 290 3396 nelium
321 3356 384 3398 van
414 3333 560 3412 Heuede,
592 3333 790 3399 Hermanum
819 3334 996 3400 Henrioum
1026 3334 1185 3411 Kcmink,
1209 3333 1269 3399 Ul-

167 3453 373 3530 trciectinoe‚
406 3456 439 3518 et
460 3453 615 3519 Ioannem
639 3454 846 3520 Goldschmid
868 3454 1064 3540 Nanninga,
1089 3453 1272 3538 Groninga-

165 3595 270 3650 num,
294 3575 369 3657 qui,
395 3575 480 3658 quod
504 3575 623 3640 viribus
647 3578 786 3654 deesset,
809 3576 977 3640 voluntate
1000 3575 1227 3659 suppleverint.

215 3814 379 3900 Denique,
415 3820 501 3901 quod
530 3818 675 3902 precatus
706 3838 776 3882 sum
806 3838 825 3882 a
856 3813 924 3881 Deo
956 3813 1086 3900 Optimo
1117 3813 1274 3891 Maximo,

166 3934 228 4000 illo
261 3936 329 4014 die,
355 3958 417 4020 quo
440 3936 666 4021 magistratum
689 3939 827 4021 suscepi,
852 3960 890 4002 ea
911 3959 961 4002 res
985 3957 1026 4001 ne
1048 3935 1129 4000 mihi
1152 3933 1276 4000 Acade-

166 4057 317 4140 miaeque
352 4057 434 4121 male
468 4061 563 4141 atque
596 4055 766 4122 infeliciter
800 4057 961 4134 eveniret,
998 4059 1053 4121 scd
1086 4057 1277 4140 dignitatem

164 4176 273 4253 tueri,
297 4178 447 4263 salvoque
470 4180 503 4241 et
523 4177 676 4241 incolumi
699 4177 768 4241 sine
790 4177 862 4240 labe
886 4179 918 4240 et
936 4179 1088 4241 dedecore
1107 4177 1277 4242 successori

166 4298 301 4361 tradere
320 4297 538 4382 contingeret3
559 4296 620 4361 hoc
639 4319 682 4360 an
702 4299 806 4359 totum
824 4296 1077 4378 impetraverim,
1098 4297 1200 4361 dicere
1211 4318 1278 4360 non

166 4415 288 4481 ausim.
331 4416 452 4481 Tamen
477 4418 528 4480 sat
548 4416 649 4480 multa
672 4415 857 4499 impetravi,
882 4419 919 4479 ut
942 4416 1042 4480 animi
1062 4415 1210 4480 adversus
1230 4416 1278 4479 di-

167 4537 285 4602 vinam
308 4535 486 4600 bonitatem
509 4558 581 4600 vere
604 4535 688 4620 grati
708 4556 818 4599 causas
838 4534 973 4599 habeam
991 4535 1188 4629 iustissimas.
1212 4535 1280 4602 Ita-
