3338 5302
574 645 613 688 nu
633 644 780 694 rasromot
796 647 922 694 orricio.
1263 629 1304 690 49

193 826 317 891 duobus
352 826 493 892 tribusve
528 829 656 914 populis
685 831 819 917 imperio
851 831 1021 908 diuturno,
1052 833 1125 896 tuto
1155 832 1189 894 et
1217 829 1303 896 fideli
1372 843 1374 847 ’

192 947 317 1013 utiliter
339 969 484 1032 praeesse
507 951 674 1038 potuerit?
1205 1005 1208 1012 Δ

239 1067 359 1154 Cyrum
380 1069 434 1135 hio
456 1070 535 1134 mihi
559 1071 673 1157 aliquis
695 1074 860 1159 appellat?
905 1072 1089 1151 Audio,'et
1111 1072 1175 1156 legi
1198 1071 1301 1136 aXe-

192 1189 360 1273 nophonte
382 1190 536 1269 relatum,
561 1190 645 1277 Oyro
667 1194 827 1278 paruisse,
853 1197 886 1259 et
906 1192 1095 1279 aequissimo
1117 1193 1224 1258 animo
1243 1213 1301 1276 pa·

191 1310 310 1387 ruisse,
343 1314 472 1395 gentes,
505 1335 640 1398 quarum
670 1315 751 1379 eliae
774 1315 836 1380 iter
859 1314 998 1392 dierum,
1023 1313 1181 1380 mensium
1204 1312 1301 1390 aliae,

192 1431 235 1496 ab
269 1433 340 1516 ipso
371 1431 523 1513 aberant,
556 1435 636 1499 aliae
658 1456 765 1521 regem
789 1459 956 1521 nunquam
978 1435 1143 1512 viderant,
1167 1433 1247 1499 aliae
1270 1455 1302 1498 se

191 1575 301 1638 regem
325 1576 490 1639 nunquam
513 1577 579 1620 esse
601 1557 723 1620 visuras
747 1557 901 1622 sciebant.

237 1674 300 1741 Sed
329 1675 434 1741 omnis
464 1675 530 1741 fere
557 1676 620 1741 ista
651 1677 877 1761 sapientissimi
905 1679 990 1762 regis
1021 1678 1128 1762 imago
1152 1698 1172 1740 a
1194 1675 1302 1741 Xeno·

190 1796 315 1881 phonte
337 1817 405 1860 non
428 1796 468 1861 ad
491 1796 586 1860 fidem
604 1797 755 1863 historiae
773 1800 968 1883 composita,
988 1801 1101 1885 optata
1117 1799 1166 1862 est
1181 1795 1302 1872 adhue,
1432 1843 1436 1848 -

191 1938 259 1980 non
283 1919 463 2002 eonspeeta.
503 1923 505 1926 ’

238 2035 385 2122 Cogitate
416 2039 528 2116 etiam,
561 2040 588 2104 si
617 2040 740 2118 velitis,
773 2063 814 2106 ne
836 2039 936 2126 Oyros
959 2063 1082 2126 semper
1105 2043 1138 2105 et
1158 2038 1301 2104 Alexan·

191 2163 267 2224 dros
298 2163 331 2225 et
358 2158 506 2226 Caesares
528 2161 714 2246 loquamur,
740 2160 889 2227 Carolum
914 2161 1104 2247 cognomine
1126 2181 1299 2245 magnum,

192 2279 342 2346 Carolum
376 2282 543 2366 quintum,
578 2281 780 2367 Philippum,
817 2282 973 2367 eogitate,
1006 2284 1092 2367 quod
1125 2281 1220 2346 huius
1251 2284 1301 2346 est

188 2401 377 2480 memoriae,
403 2407 560 2487 nuperum
583 2403 683 2468 totius
705 2424 788 2486 pene
808 2401 957 2489 Europae
979 2402 1155 2467 dominum.

234 2522 320 2588 Huie
349 2546 447 2608 quum
476 2524 571 2589 auliei
593 2527 626 2589 et
648 2524 842 2589 exercituum
866 2527 961 2590 duoes
984 2524 1125 2610 graviter
1147 2522 1241 2589 simul
1263 2525 1296 2587 et

186 2645 351 2728 eleganter
391 2646 514 2711 adulari
549 2646 686 2723 vellent,
723 2645 784 2711 hoo
819 2645 884 2712 fere
918 2646 1089 2712 dieebant:
1136 2644 1293 2730 Magnum

185 2764 415 2850 Imperatorem
439 2788 511 2831 omn
534 2765 603 2831 Deo
626 2767 763 2833 divisum
786 2789 895 2853 gerere
917 2769 1097 2855 imperium.

233 2885 412 2952 Ridiculam
435 2891 469 2951 et
490 2887 654 2952 seelestam
677 2889 873 2953 orationem!
921 2888 1068 2955 Vidimus
1088 2888 1192 2966 enim,
1209 2886 1291 2953 vidi·

184 3028 273 3086 mus,
305 3029 456 3092 quorsum
487 3009 563 3074 novi
594 3008 744 3075 Numinis
766 3008 968 3094 providentia
990 3010 1141 3077 evaserit!
1175 3007 1291 3084 'Quam

182 3128 391 3213 impatienter
416 3150 584 3214 oppressae
608 3129 650 3194 ab
674 3152 710 3195 eo
734 3130 881 3195 nationes
904 3129 1017 3195 servile
1038 3131 1151 3215 iugum
1173 3130 1290 3194 tolera·

182 3252 318 3327 verunt,
348 3252 416 3314 tam
437 3250 544 3315 lentae
566 3250 745 3329 hominem,
768 3251 805 3315 in
827 3250 967 3316 insulam
987 3248 1126 3322 ¹Sanctae
1148 3249 1291 3316 Helenae

182 3369 362 3449 abieotum,
387 3371 528 3436 animam
551 3370 705 3437 efflavisse
727 3372 908 3437 audierunt.

230 3490 345 3556 Irritae
375 3491 479 3558 adhue
512 3492 643 3558 fuerunt
673 3515 784 3558 omnes
807 3493 951 3558 omnium
975 3493 1174 3573 molitiones,
1198 3496 1292 3580 plura

181 3632 364 3696 regnasua
388 3613 520 3698 imperio
545 3614 714 3697 eompleeti
738 3614 955 3691 studentium,
978 3635 1074 3698 quam
1098 3614 1184 3680 Deus
1206 3637 1292 3681 mor·

179 3733 242 3796 tali
264 3732 448 3797 mortalium
472 3755 566 3799 eausa
589 3735 755 3799 eoneessit.

228 3853 298 3918 lmo
321 3854 383 3920 hoe
404 3853 465 3920 Dei
488 3856 583 3920 unius
607 3855 833 3942 sapientissimi
856 3857 1132 3943 potentissimique
1153 3861 1202 3924 est
1217 3881 1293 3944 pro·

181 3975 299 4061 prium.
347 3974 411 4041 Hie
439 3997 507 4041 non
538 3977 574 4040 in
606 3997 708 4040 annos
739 3977 875 4060 aliquot,
906 3980 961 4042 sed
985 3979 1129 4043 omnium
1152 3981 1293 4047 saeeulo-

180 4119 255 4161 rum
285 4118 430 4174 eursum,
463 4118 530 4162 non
560 4101 625 4162 tres
655 4119 714 4162 nee
747 4098 854 4163 deoem
887 4100 1040 4184 populos,
1065 4099 1119 4165 sed
1142 4105 1294 4167 eunetnm

179 4237 284 4302 genus
317 4217 495 4282 humanum
529 4219 705 4302 gubernat,
744 4222 777 4284 et
812 4219 1023 4305 gubernabit,
1055 4222 1209 4306 quamdiu
1235 4221 1297 4291 hoo

179 4359 284 4424 genus
307 4340 464 4403 terrarum
487 4339 596 4404 orbem
618 4339 760 4405 habebit.

216 4607 380 4675 Xenophonte)
417 4610 446 4660 In
465 4610 624 4676 Cyropaediae
641 4611 770 4677 prooemio.
