3338 5302
387 548 426 612 16
885 565 994 611 caluo

388 772 468 836 quos
491 751 659 836 lacrymari
682 750 839 836 pudebat,
864 750 957 815 vultu
980 749 1057 815 satis
1076 748 1280 827 indicabant,
1293 752 1491 835 quantopere

389 873 601 936 moverentur.
649 869 799 948 Quamvis
821 873 944 958 partem
968 870 1063 936 huius
1081 869 1258 936 moestitiae
1277 892 1401 935 summa
1420 892 1491 936 ora·

389 993 468 1058 toris
501 993 683 1078 eloquentia
717 993 777 1058 sibi
810 993 1004 1070 vindicaret,
1033 992 1186 1057 maiorem
1218 993 1327 1056 temen
1358 989 1492 1078 Borgeri

390 1112 566 1179 recordatio
589 1112 770 1198 repetebat,
794 1113 897 1192 illiue,
922 1133 1016 1198 quem
1036 1111 1140 1178 omnis
1160 1111 1266 1197 patria
1285 1133 1378 1177 suum
1389 1112 1491 1178 filium

390 1256 561 1322 agnoscere
581 1235 746 1320 inciperet

434 1355 475 1422 In
506 1357 573 1421 tam
603 1355 695 1441 grani
725 1357 758 1420 et
788 1354 951 1421 constanti
982 1353 1126 1419 omnium
1158 1353 1247 1418 omni
1271 1355 1374 1418 aetate
1397 1356 1493 1438 atque

390 1476 502 1542 ordine
535 1475 703 1541 hominum
737 1474 995 1563 perturbatione,
1031 1495 1091 1560 ego
1124 1474 1267 1560 querelas
1300 1473 1365 1538 iam
1400 1496 1493 1559 saepe

390 1619 476 1663 meae
508 1617 580 1661 cum
604 1596 777 1661 amicorum
799 1596 936 1681 querelis
959 1595 1089 1673 miscui,
1113 1615 1173 1660 nec
1195 1596 1233 1658 ut
1255 1594 1382 1680 publice
1404 1597 1436 1660 et
1457 1595 1492 1660 in

389 1718 542 1784 hocloco
566 1719 721 1794 tacerem,
744 1716 943 1783 committere
966 1715 1032 1781 sive
1052 1715 1160 1800 potui,
1185 1715 1250 1780 sive
1270 1714 1367 1780 etiam
1387 1715 1490 1780 debui.

390 1837 472 1914 Quid
507 1839 617 1904 enim?
651 1836 780 1903 Arctior
813 1836 907 1902 nobie
938 1837 1117 1902 intercessit
1145 1835 1362 1914 necessitudo,
1396 1858 1492 1921 quam

390 1959 501 2026 multis
529 1958 663 2024 fortasse
696 1957 872 2025 ridebatur.
920 1955 1034 2043 Cogito
1064 1958 1225 2042 patriam?
1248 1956 1364 2023 Sumus
1388 1978 1492 2042 popu·

390 2081 491 2158 lares,
523 2084 560 2145 ut
583 2083 677 2145 erant
698 2079 865 2165 Regnerus
887 2078 1075 2145 Praedinius
1097 2083 1131 2144 et
1155 2077 1287 2145 Gemma
1309 2078 1491 2144 Docomius.

392 2199 475 2265 Nam
498 2200 586 2284 regio
610 2199 820 2286 Groninganc
843 2199 919 2265 olim
944 2199 1105 2265 communi
1128 2197 1247 2264 Frisiae
1266 2199 1396 2264 nomine
1416 2219 1492 2263 con-

392 2319 564 2385 tinebatur.
610 2318 783 2386 Aetatem?
814 2321 878 2386 Vix
908 2321 1039 2386 biennio
1062 2320 1167 2385 minor
1191 2342 1270 2384 sum.
1318 2318 1494 2385 Doctorum

392 2440 559 2506 hominum
590 2440 746 2526 collegia?
776 2439 892 2508 Sumus
922 2442 1061 2519 sodales,
1093 2441 1187 2505 huius
1219 2440 1315 2505 etiam
1336 2440 1493 2506 instituti.

392 2560 600 2626 Amicitiam?
623 2560 718 2626 Hauc
742 2566 832 2626 rect
856 2561 988 2642 animis,
1013 2562 1119 2627 minus
1143 2583 1202 2626 usu
1225 2566 1258 2626 et
1281 2561 1403 2640 verbis,
1428 2585 1494 2626 me-

391 2682 557 2748 tiebamur.
604 2682 783 2748 Pietatem?
815 2682 975 2770 Borgerus
1005 2681 1204 2768 diligentiam
1236 2705 1355 2763 meam,
1387 2683 1496 2747 addita

393 2803 532 2870 nominis
562 2804 611 2868 sui
642 2804 850 2883 auctoritate,
882 2804 1008 2890 publice
1039 2795 1194 2869 sibi'esee
1216 2804 1410 2870 laudandam
1425 2827 1494 2889 ,pu-

392 2924 482 2990 tarit
529 2924 659 2991 Mores?
690 2925 749 2992 1116
780 2928 849 2992 erat
878 2925 1029 3011 simplex,
1063 2948 1121 2991 nec
1153 2923 1355 3010 Groningani
1387 2947 1495 2990 sumus

391 3044 562 3112 admodum
597 3047 713 3112 callidi.
761 3047 865 3133 igitur
900 3068 981 3132 quae
1012 3047 1051 3112 de
1081 3045 1160 3112 Vita
1190 3045 1323 3131 Borgeri
1354 3046 1495 3111 dicturus

391 3189 478 3247 sum,
503 3169 583 3236 haec
605 3172 717 3235 nostro
739 3191 827 3235 more
851 3169 994 3235 dicturus
1013 3192 1101 3248 sum,
1122 3190 1189 3233 non
1208 3170 1340 3245 ornato,
1361 3189 1428 3233 non
1441 3166 1495 3230 diu

392 3291 468 3353 ante
490 3289 661 3367 meditato,
686 3290 741 3354 sed
763 3312 858 3374 quem
880 3291 949 3374 ipse
971 3291 1071 3354 animi
1093 3291 1231 3376 impetus
1253 3287 1346 3353 ferat.

436 3406 512 3472 Non
548 3407 644 3472 tirneo
679 3430 721 3472 ne
753 3407 827 3472 telis
858 3407 978 3485 oratio,
1011 3409 1047 3472 in
1068 3407 1129 3473 hac
1152 3429 1264 3486 causa,
1289 3407 1395 3473 minus
1418 3411 1495 3493 apta

392 3529 544 3614 temporis
573 3529 820 3614 hominumque·
834 3528 986 3614 gravitati
1015 3529 1187 3607 habeatur,
1213 3531 1247 3593 et
1267 3528 1415 3595 iuvenilis
1437 3551 1495 3612 po·

392 3649 470 3727 tius,
495 3671 591 3734 quam
616 3649 716 3715 virilis
739 3650 926 3736 appelletur.
959 3648 1039 3715 Dico
1059 3649 1145 3716 enim
1164 3649 1287 3716 iuvenis
1306 3650 1344 3715 de
1363 3650 1495 3729 iuvene,

392 3770 515 3854 optimo
535 3769 711 3835 iuventutis
729 3770 891 3856 exemplo,
911 3792 991 3857 quac
1012 3772 1176 3836 fortunam
1195 3771 1265 3855 ipsa
1280 3791 1369 3836 suam
1382 3769 1497 3835 artifex

392 3889 514 3975 fingere
544 3891 661 3976 cupiat.
709 3891 793 3972 Vos,
825 3892 902 3977 quid
933 3892 1049 3958 facturi
1081 3891 1168 3968 sitis,
1201 3891 1326 3968 nesci0;
1351 3891 1495 3978 equidem

393 4010 495 4089 binis,
519 4032 599 4096 quos
621 4011 741 4092 habeo,
764 4011 857 4092 filiis,
883 4013 977 4078 simul
1001 4013 1098 4096 atque
1122 4033 1140 4076 e
1163 4011 1269 4097 pueris
1287 4013 1496 4090 excesserint,

392 4131 454 4196 hoc
487 4132 664 4218 exemplum
702 4133 844 4218 quotidie
878 4132 1074 4198 monstrabo.
1140 4130 1248 4220 Atque
1281 4132 1408 4200 utinam
1442 4133 1498 4198 Dii

392 4251 587 4318 immortales
615 4253 676 4318 hoc
697 4253 778 4320 mihi
800 4251 990 4320 beneficium
1014 4253 1174 4333 tribuent,
1199 4259 1236 4320 ut
1259 4255 1347 4320 mille
1370 4256 1496 4321 aculeos

391 4371 426 4436 in
458 4373 573 4438 animis
604 4372 733 4439 illorum
764 4375 917 4460 infigam,
949 4373 1004 4457 qui
1036 4396 1159 4460 semper
1181 4380 1332 4463 pungant
1354 4381 1386 4442 et
1410 4375 1495 4441 exci-

390 4495 478 4571 tent,
509 4515 568 4560 nec
600 4497 684 4560 stare
717 4516 771 4560 ecs
802 4517 862 4561 nec
892 4494 1050 4580 quiescere
1082 4497 1209 4576 sinant,
1229 4501 1333 4584 quoad
1358 4497 1496 4565 Frisium
