3338 5302
626 559 832 606 caucaseae.
882 553 889 562 ’
1244 543 1285 605 43

177 741 287 808 fecerit
315 742 450 826 patrem.
497 737 696 823 Laerymaris
724 763 801 824 prae
823 743 959 826 gaudio,
983 761 1066 805 novo
1088 740 1145 803 illo
1168 743 1201 804 ct
1223 742 1284 804 mi·

177 863 291 941 rabili,
328 861 450 927 salvam
479 861 540 925 tibi
571 882 702 925 uxorem
732 863 765 926 et
795 863 830 926 in
858 864 956 945 portu
988 860 1139 944 navigare
1171 859 1284 945 fingis,

177 1006 292 1069 quum,
317 1004 405 1061 ecce,
430 981 536 1047 subita
559 983 606 1046 vis
630 983 719 1047 venti
744 1003 871 1047 omnem
895 986 985 1046 tuam
1008 980 1194 1045 felicitatem
1212 981 1286 1044 reii-

178 1105 258 1183 ciat,
292 1107 325 1168 et
355 1103 486 1187 scopulo
517 1106 609 1168 acuto
639 1103 757 1168 illisam
788 1103 964 1187 diffringat.
1011 1101 1083 1167 Hoc
1115 1105 1240 1186 spectat
1268 1125 1287 1166 a

178 1225 273 1289 litore
304 1224 455 1303 meritus,
487 1228 520 1288 et
552 1227 628 1289 dum
653 1225 792 1307 spectat,
816 1224 866 1288 bis
890 1225 958 1309 ipse
981 1225 1125 1288 moritur.
1173 1222 1286 1288 Duris·

180 1346 297 1411 simum
327 1347 392 1424 est,
424 1348 479 1409 sed
510 1343 615 1409 adhuc
644 1365 767 1429 parum.
814 1343 957 1429 Vulgata
990 1348 1067 1409 sunt
1096 1344 1154 1408 illa
1176 1347 1287 1429 poeta-

181 1489 253 1530 rum
284 1505 324 1515 —-
355 1486 504 1551 suprema
524 1465 690 1531 morientis
713 1467 865 1530 mandata
890 1503 929 1514 —
955 1463 1105 1530 natantes
1128 1465 1164 1530 in
1186 1467 1289 1530 morte
1312 1465 1316 1473 ’

182 1587 266 1653 oculi
300 1627 340 1636 -
374 1589 482 1652 anima
512 1589 652 1652 extrema
682 1587 736 1671 pio
762 1608 816 1651 ore
839 1589 971 1671 excepta
998 1625 1038 1634 -—
1063 1587 1213 1672 vulgata,
1237 1589 1289 1652 in-

182 1730 296 1793 quam,
319 1708 441 1787 verbis,
466 1710 520 1774 sed
543 1708 718 1792 experienti
742 1709 837 1772 nimis
860 1730 934 1774 vera
958 1731 1026 1772 usu.
1074 1706 1209 1773 Accedit
1230 1729 1289 1792 po-

182 1833 253 1894 tens
288 1829 434 1907 domina,
470 1829 684 1908 consuetudo,
719 1831 753 1894 et
786 1829 951 1894 tristitiam
986 1827 1089 1913 magis
1120 1828 1289 1893 exulcerat.

181 1949 274 2015 lunc
298 1949 400 2028 enim,
425 1972 524 2034 quum
546 1953 687 2015 mentem
710 1971 730 2014 a
753 1949 862 2015 dolore
884 1973 981 2034 quam
1003 1949 1140 2014 maxime
1160 1969 1291 2030 avocare

182 2074 216 2136 et
247 2071 288 2135 ad
317 2071 451 2135 laetiore
481 2071 654 2135 transferre
684 2070 894 2149 debebamus,
926 2070 989 2154 ipsi
1019 2073 1148 2135 nostrae
1175 2071 1292 2153 quietis

182 2193 381 2270 turbatores,
412 2191 533 2256 malum
559 2191 683 2256 alimus.
732 2189 891 2270 Cadaver,
915 2214 934 2255 a
958 2213 1021 2276 quo
1045 2213 1155 2257 omnes
1177 2193 1293 2256 natura

184 2312 413 2391 abhorremus,
454 2313 520 2376 dies
555 2311 679 2396 aliquot
712 2311 798 2377 domi
832 2289 916 2376 iacet
949 2311 1164 2376 inhumatum.
1211 2309 1293 2377 Solis

183 2433 267 2498 radii
290 2433 405 2498 eleusis
428 2430 575 2498 fenestris
598 2433 763 2509 arcentur,
789 2433 822 2495 et
845 2431 901 2495 diu
918 2431 955 2495 in
973 2430 1145 2496 solitudine
1163 2453 1292 2496 versan-

183 2557 251 2633 tes,
276 2554 346 2619 luce
368 2553 588 2640 prohibemur,
608 2553 740 2636 impune
759 2551 909 2629 cruciati,
929 2555 1094 2636 tamquam
1112 2555 1291 2630 tormento,

184 2673 312 2758 frigidis
343 2674 555 2739 salutatorum
585 2673 704 2738 officiis.
741 2709 779 2722 -
812 2672 955 2737 Tandem
978 2676 1048 2736 atra
1070 2673 1106 2737 in
1130 2675 1233 2750 veste,
1257 2673 1294 2736 in

185 2795 265 2860 atris
298 2793 410 2860 infulis
441 2817 458 2860 e
486 2794 622 2859 latibulo
652 2793 834 2880 prodimus,
867 2797 899 2858 et
929 2794 998 2878 ipse
1028 2793 1131 2859 teneri
1159 2792 1294 2861 infantis

186 2919 377 3000 conspectus
401 2916 562 2982 cicatrices
586 2915 721 2981 revellit.

234 3035 352 3113 Quodsi
385 3037 448 3102 hoc
482 3036 630 3104 omnibus
664 3035 853 3100 mortalibus
888 3035 1125 3101 acerbissimum
1160 3039 1226 3112 est,
1258 3039 1295 3099 ut

186 3161 254 3238 est,
278 3158 384 3224 nescio
408 3179 451 3223 an
470 3157 689 3224 doctrinarum
708 3155 857 3222 studiosis
876 3178 943 3222 non
961 3157 1004 3221 sit
1015 3156 1167 3221 acerbius.
1199 3155 1294 3221 Ratio

186 3279 274 3344 enim
303 3280 388 3346 vitae
414 3280 534 3345 otiosae
556 3301 666 3344 omnes
690 3278 902 3363 cogitationes
923 3278 1034 3370 invitis
1058 3277 1155 3342 etiam
1176 3277 1213 3341 in
1235 3278 1296 3341 mi-

186 3421 259 3467 sero
289 3423 364 3466 casu
395 3400 515 3485 defigit.
563 3399 657 3465 Diem
688 3399 825 3484 legendo
859 3401 1167 3484 commentandoque
1190 3402 1296 3465 trans·

186 3524 296 3587 actum
329 3543 399 3586 sera
432 3543 562 3606 vespera
596 3520 722 3606 excipit.
769 3520 879 3586 Posita
901 3523 951 3586 est
973 3542 1081 3586 coena.
1129 3518 1296 3586 Desidera-

188 3646 264 3722 tur,
308 3664 390 3727 quae
429 3642 548 3709 fessum
586 3642 737 3707 maritum
776 3641 863 3708 dulci
903 3663 1048 3707 sermone
1087 3645 1120 3707 et
1158 3639 1298 3725 alloquio

186 3769 316 3830 recreet.
381 3763 502 3829 Incidit
534 3763 589 3828 ille
622 3763 808 3848 imprudens
842 3763 878 3827 in
912 3765 1034 3828 vestem
1068 3761 1209 3846 aliquam
1243 3764 1300 3826 aut

189 3889 436 3963 ornamentum,
472 3887 558 3970 quod
592 3883 657 3949 fuit
689 3886 844 3949 mortuae.
902 3881 946 3947 Ilt
980 3883 1052 3967 quis
1090 3883 1197 3948 animo
1231 3884 1300 3946 tam

187 4007 281 4073 firmo
311 4010 345 4072 et
375 4005 537 4072 constanti
567 4009 632 4083 est,
666 4007 703 4069 ut
732 4004 768 4069 in
800 4002 930 4068 aedibus
962 3998 1074 4068 dmere
1098 4004 1217 4088 possit,
1241 4021 1301 4067 nec

188 4148 246 4213 per
269 4127 384 4194 tacitas
408 4127 496 4193 urbis
519 4127 587 4192 vias
612 4129 711 4205 erret,
736 4127 864 4190 etcum
887 4124 966 4190 luna
986 4127 1019 4190 et
1037 4124 1192 4191 sideribus
1212 4145 1302 4190 suam

189 4249 426 4334 aegritudinem
449 4251 686 4333 conqueratur?
1049 4329 1052 4334 Ι

235 4369 324 4436 Haec
359 4372 392 4435 et
425 4370 489 4435 alia
519 4367 612 4456 plura
642 4368 784 4454 Borgero
817 4365 948 4432 fuerunt
978 4365 1153 4433 toleranda.
1200 4364 1303 4444 Quam

188 4491 333 4576 greum
363 4491 424 4558 hoc
455 4491 579 4558 fulmen
610 4491 753 4558 animum
782 4489 871 4556 illius
901 4489 1106 4575 percusserit,
1135 4492 1168 4556 et
1190 4490 1246 4558 diu
1268 4490 1305 4555 in
