3338 5302
384 597 425 660 50
890 610 999 658 omum
1129 655 1132 660 .

436 795 634 862 Christianos
672 796 835 874 homines,
878 795 1142 880 philosophorum
1176 796 1272 860 etiam
1306 817 1425 862 nomen
1461 801 1495 862 et

387 918 541 983 honorem
572 920 752 1002 captantes,
784 917 1041 1000 procurationem
1064 915 1206 980 divinae
1229 915 1390 983 dubitasse
1411 917 1493 1002 legi-¹

387 1059 467 1101 mus.
515 1036 577 1102 Sed
607 1037 661 1101 vix
691 1059 833 1121 unquam
864 1035 944 1100 mihi
969 1035 1110 1120 persuasi
1133 1058 1187 1101 eos
1209 1036 1289 1102 serio
1314 1038 1492 1117 dubitasse,

390 1161 424 1221 at
454 1145 580 1224 laudem
612 1150 718 1243 potius
749 1158 906 1242 quaesisse
936 1179 956 1220 a
978 1156 1109 1222 ferenda
1131 1161 1198 1222 tam
1222 1157 1298 1222 forti
1321 1160 1494 1244 audacique

387 1280 546 1345 sententia
570 1279 743 1344 arbitratus
766 1299 846 1344 surn.

433 1399 517 1477 Quid
540 1401 650 1465 enim?
689 1403 780 1465 Hanc
802 1419 858 1464 sua
880 1401 1022 1485 ipsorum
1043 1400 1255 1477 conscientia,
1276 1400 1362 1466 hanc
1382 1400 1495 1469 (irasci

389 1524 421 1584 ct
451 1519 590 1585 Romani
621 1521 655 1584 in
689 1521 789 1585 tantis
820 1541 926 1585 sacrae
957 1520 1122 1585 doctrinae
1152 1521 1293 1586 tenebris
1318 1521 1494 1600 refellunt;

387 1657 523 1726 ‘quorum
545 1645 658 1727 poetae
680 1643 793 1718 etiam,
818 1661 917 1726 quum
939 1642 1108 1726 imperium
1130 1641 1256 1726 Regum
1279 1643 1495 1709 timendorum

386 1763 419 1826 in
450 1763 594 1846 proprios
617 1781 728 1847 greges
752 1766 890 1839 canunt÷
914 1783 1005 1847 regas
1026 1763 1192 1827 tamenin
1215 1763 1301 1847 ipsos
1323 1764 1494 1848 imperium

386 1905 452 1948 esse
475 1883 561 1949 Iovis
585 1887 700 1950 cuncta
723 1883 890 1968 supercilio
913 1883 1087 1962 moventis,
1113 1883 1277 1948 adiiciunt.

431 2001 480 2070 Ac
511 2005 616 2070 udaie
646 2019 742 2089 quam
774 1999 877 2068 debile
905 2005 1080 2088 parumque
1107 2004 1169 2068 sibi
1194 2006 1344 2070 constans
1368 2005 1495 2071 sithoc

385 2129 545 2190 recoctum
567 2125 787 2210 philosophiae
808 2123 982 2210 Epicureae
1003 2145 1114 2209 genua

432 2243 542 2309 Unum
562 2267 601 2309 ex
624 2247 702 2310 atris
720 2243 943 2331 congestisque
964 2244 1105 2310 nubibus
1127 2246 1347 2312 vehementius
1370 2249 1493 2313 tortum

386 2365 525 2443 fulmen,
558 2385 641 2430 unus
671 2386 767 2430 rauco
796 2366 927 2430 horrore
958 2365 1080 2431 coelum
1111 2369 1291 2452 terramque
1317 2377 1493 2452 personans

385 2485 541 2563 tonitrus,
570 2502 705 2570 magnos
735 2485 881 2550 homines
911 2507 950 2550 ex
981 2486 1067 2550 edita
1093 2508 1164 2551 arce
1186 2487 1362 2571 sapientiae
1385 2488 1494 2553 deiicit

385 2609 417 2671 ct
452 2606 618 2683 deturbat,
653 2627 713 2670 nec
742 2606 870 2690 igneam
900 2605 961 2670 sibi
990 2605 1110 2682 lucem,
1141 2609 1197 2671 sed
1218 2607 1324 2692 ipsum
1348 2607 1407 2672 Dei
1429 2609 1491 2673 mi-

384 2728 493 2793 nantis
524 2727 666 2803 vultum,
691 2745 750 2792 nec
769 2725 931 2820 ,fragorem
954 2725 1119 2791 flammeae
1142 2726 1337 2811 eruptionis,
1363 2731 1418 2792 sed
1439 2729 1492 2812 ip*

383 2868 451 2914 sam
478 2847 539 2913 Dei
562 2869 689 2925 vocem,
714 2847 820 2913 videre
843 2849 938 2932 atquc
963 2847 1073 2912 audire
1095 2846 1263 2925 ridentum
1287 2849 1327 2913 ad
1352 2849 1491 2914 eiusdem

382 2975 496 3037 contra
536 2968 596 3035 Dei
639 2970 845 3036 clarissimam
885 2969 990 3034 lucem
1031 2989 1218 3053 uocemque,
1255 2969 1490 3054 providentiam

382 3114 472 3160 suam
505 3093 541 3159 in
575 3093 709 3159 historia
742 3111 847 3158 rerum
881 3091 1094 3156 humanarum
1131 3091 1298 3170 testantis,
1334 3103 1426 3156 aures
1458 3093 1491 3155 et

382 3217 490 3280 oeulos
512 3213 635 3278 habent
656 3215 845 3279 obstructos.

426 3333 583 3418 Equidem
625 3332 671 3396 ita
705 3353 827 3415 semper
862 3331 1017 3414 cogitaui,
1052 3329 1113 3395 hoc
1146 3331 1270 3415 ipsum,
1307 3332 1392 3417 quod
1425 3335 1487 3398 im-

379 3443 460 3542 perii
500 3453 601 3519 divim
639 3453 778 3518 rationes
813 3456 846 3516 et
879 3452 1082 3536 praecipuam
1118 3452 1221 3537 legem
1255 3452 1422 3520 observare
1455 3458 1488 3519 et

379 3577 560 3662 intelligere
593 3574 766 3660 possimus,
797 3573 862 3637 iam
885 3592 1039 3657 magnum
1059 3594 1127 3638 esse
1149 3574 1367 3658 prouidentiae
1388 3575 1486 3640 docu-

379 3703 533 3765 mentum.

425 3820 495 3895 Qua
524 3819 560 3883 in
590 3811 641 3894 re,
674 3835 771 3900 quarn
801 3815 957 3902 explicare
985 3815 1155 3892 constitu,
1182 3815 1319 3900 plurima
1341 3817 1485 3901 profecto

252 3934 254 3939 ’
379 3945 412 4006 et
441 3939 629 4026 gravissima
660 3940 736 4002 sunt
766 3936 904 4002 doctoris
935 3935 1078 4001 historici
1109 3935 1222 4001 officia.
1274 3936 1359 4003 Nam
1389 3938 1416 4004 si
1445 3961 1486 4004 ex

378 4061 527 4128 omnibus
558 4059 732 4138 fructibus,
764 4059 819 4144 qui
850 4081 889 4123 ex
919 4058 1055 4142 legenda
1077 4058 1212 4124 historia
1234 4059 1433 4139 redundant,
1457 4062 1485 4128 is

377 4186 499 4250 fructus
535 4184 577 4248 sit
610 4197 692 4245 unus
727 4181 868 4246 omnium
902 4180 999 4263 longe
1030 4181 1316 4264 praeclarissimus,
1347 4185 1386 4246 ut
1414 4203 1485 4248 eam

378 4305 543 4371 audiamus
565 4305 728 4386 tamquam
751 4301 835 4367 vitae
858 4299 1061 4385 magistram,
1089 4302 1196 4368 nescio
1221 4323 1314 4382 eane,
1337 4305 1393 4388 qui
1416 4326 1484 4370 me-

407 4575 509 4639 Podtae)
543 4571 673 4632 Horatius,
693 4571 770 4621 Oarm.
790 4570 844 4631 ΙΙΙ,
864 4571 886 4620 Ι.
904 4585 926 4620 v.
947 4569 975 4628 5,
993 4570 1016 4618 t.
