3338 5302
886 423 938 482 tm

397 611 472 680 Quae
499 609 624 684 sequitur
649 613 744 669 Oratio
770 615 801 668 de
826 617 879 668 otta
905 615 984 668 Elide
1010 615 1112 668 Annaei
1123 613 1180 684 fita·
1197 611 1322 683 Boream,
1342 629 1396 683 quo
1416 611 1460 666 die

358 718 551 787 Peerlkampio
576 717 687 774 dicendi
712 718 785 774 vices
811 720 906 784 erant,
925 717 1024 772 habita
1042 717 1071 770 in
1091 732 1218 771 consessu
1238 714 1341 772 Classis
1360 713 1460 769 tertiae

359 823 489 878 Instituti
512 822 652 892 quondam
670 823 750 895 Regii
768 823 1049 890 Amstelodamensis,
1069 825 1152 891 atque
1173 821 1249 876 edita
1268 820 1297 874 in
1317 821 1461 875 Commen-

358 928 498 983 tationum
523 929 686 983 Latinarum
713 930 775 985 Vol.
802 930 856 996 ΙΙΙ,
884 946 945 984 eam
971 929 1105 983 affirmare
1128 945 1183 982 non
1209 944 1349 992 veremur,
1376 926 1461 980 etiam

358 1036 423 1103 post
447 1033 592 1088 funebrem
617 1034 731 1106 Borgeri
756 1035 948 1090 laudationem
974 1052 990 1089 a
1009 1034 1116 1090 Palmio
1136 1035 1263 1089 habitem
1279 1033 1318 1104 1),
1338 1031 1462 1101 aliasque

357 1137 388 1191 in
407 1137 569 1193 memoriam
589 1137 648 1193 eius
668 1141 790 1210 prolatas
811 1139 987 1211 scriptiones,
1014 1140 1090 1194 haud
1111 1156 1202 1211 pauca
1227 1137 1374 1209 complecti
1390 1136 1462 1192 scitu

359 1241 444 1314 digna
469 1245 499 1298 et
524 1245 643 1316 Borgero
665 1245 824 1301 honorifica.

395 1453 490 1510 'I'ertia
506 1457 550 1510 est
568 1453 664 1511 Oratio
684 1455 869 1526 auspicandae
888 1456 1052 1528 professioni
1071 1455 1250 1528 historiarum
1268 1457 1298 1511 et
1316 1454 1461 1510 literarum

357 1559 553 1614 humaniorum
572 1559 601 1613 in
623 1560 774 1616 Academia
788 1561 924 1642 Leidensi.
944 1561 1181 1628 Quemadmodum
1199 1564 1293 1617 autem
1312 1561 1462 1632 Borgerus‚

359 1667 436 1723 cuius
459 1669 489 1722 in
513 1671 606 1724 locum
629 1667 809 1734 succedebat,
836 1670 866 1722 de
884 1669 1018 1723 Historiae
1037 1669 1139 1722 doctore
1158 1669 1341 1722 Providentiae
1361 1668 1463 1720 divinae

357 1775 511 1829 administro
535 1775 659 1840 dixerat,
688 1773 815 1828 similiter
841 1772 1050 1842 Peerlkampius
1073 1775 1104 1827 de
1130 1774 1273 1844 praecipue
1298 1774 1352 1842 lepe
1371 1771 1463 1825 Provi-

358 1879 458 1960 dentiae
484 1881 588 1936 divinae
608 1884 640 1935 ab
665 1883 786 1936 historico
809 1883 911 1935 doctore
936 1881 1095 1934 observande
1121 1877 1173 1932 sibi
1200 1877 1347 1932 dicendum
1367 1875 1462 1930 existi·

356 1985 453 2041 mavit.
492 1985 575 2041 Edita
595 1989 637 2042 est
657 1985 686 2039 in
707 1985 862 2040 Annalibus
882 1983 1048 2064 Academiae
1067 1982 1133 2038 anni
1154 1982 1346 2037 laea-1823.

397 2193 528 2270 Sequitur
546 2193 641 2250 Oratio
658 2197 827 2266 auspicanda
843 2195 1005 2260 lectionibus,
1022 2211 1116 2248 mense
1132 2192 1246 2249 Octobri
1262 2191 1350 2259 1831,
1366 2190 1464 2246 habita

357 2275 394 2352 ad
419 2298 492 2354 cives
516 2297 702 2366 academicos,
728 2299 855 2369 inprimis
886 2316 945 2364 eos,
966 2298 1015 2369 qui
1035 2299 1175 2370 superiore
1194 2316 1266 2354 anno
1287 2316 1335 2369 pro
1354 2297 1462 2370 patriae

358 2401 517 2458 defensione
537 2420 615 2458 arma
635 2406 781 2474 ceperant,
800 2421 887 2473 quum
905 2421 922 2458 e
942 2403 1040 2458 castris
1059 2404 1173 2458 reduces
1192 2403 1228 2459 ad
1244 2403 1387 2458 Musarum
1404 2403 1462 2458 cul-

358 2510 420 2562 tum
445 2508 576 2562 redirent.
615 2508 771 2578 separatim
796 2508 901 2578 prodiit
919 2525 951 2563 eo
970 2508 1030 2578 ipso
1050 2526 1122 2563 anno
1142 2508 1216 2579 apud
1235 2509 1270 2563 H.
1290 2509 1335 2563 W.
1356 2509 1462 2564 Haren-

358 2613 426 2684 berg
443 2611 588 2668 iuniorem.
627 2614 689 2669 Huc
709 2613 852 2684 pertinent
870 2630 941 2682 quae
961 2613 995 2668 de
1015 2612 1123 2668 Civium
1139 2613 1306 2668 Academiae
1322 2613 1462 2668 leidensis

358 2717 581 2787 expeditionibus
600 2717 769 2773 militaribus
788 2718 894 2774 tradita
914 2721 980 2774 sunt
999 2737 1063 2774 cum
1079 2715 1120 2774 'ab
1141 2719 1249 2791 aliter),
1269 2721 1332 2774 tum
1351 2718 1462 2788 abipso

359 2822 551 2893 Peerlkampio
571 2822 600 2877 in
619 2823 808 2880 Annotatione
827 2824 863 2878 ad
882 2823 1042 2880 Orationem
1063 2841 1141 2879 suam
1157 2825 1331 2881 Rectomlem
1347 2841 1372 2880 a.
1392 2824 1463 2878 1889

358 2925 500 2999 habitam,
527 2927 561 2982 de
587 2945 643 2997 qua
667 2946 731 2984 mox
751 2929 883 2984 dicemus.
921 2928 985 2985 Vid.
1004 2929 1045 2983 ibi
1065 2930 1108 2984 ed.
1127 2947 1169 3001 pr.
1189 2948 1217 3000 p.
1239 2930 1400 2997 143-157,
1420 2928 1463 2984 ed.

360 3031 410 3087 alt.
430 3050 457 3102 p.
477 3032 596 3088 88-97.
654 3093 656 3096 v

399 3195 504 3253 Solitas
523 3197 672 3266 quotannis
692 3197 868 3269 auspicandis
887 3197 1054 3254 lectionibus
1073 3198 1152 3255 brevi
1170 3197 1339 3256 allocutione
1356 3197 1464 3256 audito-

362 3317 405 3356 res
433 3303 600 3372 compellare
629 3304 659 3358 et
686 3304 722 3358 ad
748 3303 842 3358 studia
866 3303 962 3359 sedulo
988 3305 1179 3374 persequenda
1203 3305 1323 3372 hortari,
1344 3321 1369 3360 a.
1392 3306 1464 3360 1834

363 3405 435 3461 dixit
454 3409 484 3462 de
502 3409 614 3478 Josepbo
633 3411 781 3478 Seelipero,
802 3407 972 3476 eandemque
989 3407 1142 3464 orationem
1159 3409 1273 3477 deinde,
1291 3419 1323 3466 ut
1339 3410 1464 3474 videtur,

398 3650 422 3711 1)
444 3649 482 3699 De
503 3645 687 3712 aapedacitenir
708 3663 754 3696 aaa
775 3647 843 3698 Eitea
864 3649 945 3698 Arcaea
967 3648 1070 3715 Borper,
1087 3651 1181 3718 pleqtr'p
1200 3651 1306 3717 pecteret,
1325 3669 1353 3717 qr
1369 3651 1414 3703 dee
1432 3651 1465 3702 20

363 3732 487 3782 December
510 3731 587 3790 1820,
607 3730 634 3778 in
656 3745 726 3778 naam
748 3731 791 3779 der
807 3732 926 3794 deydselre
942 3733 1074 3798 Afdeelr'rrp
1091 3751 1137 3784 aaa
1153 3737 1182 3784 de
1200 3733 1361 3785 Hellaadrclre
1380 3733 1465 3785 Mact-

362 3815 466 3878 rclrappr'j
487 3830 534 3863 verr
555 3815 651 3875 Freaije
672 3812 783 3861 Karrea
802 3829 831 3863 ea
859 3815 1065 3880 Veientium,
1084 3819 1140 3866 deor
1156 3817 1180 3866 J.
1200 3818 1233 3866 H.
1253 3829 1306 3867 riu
1323 3831 1373 3867 narr
1390 3819 1465 3867 Pnuu

364 3912 393 3945 ea
411 3897 444 3946 H.
463 3897 576 3945 Tomaros
593 3896 632 3944 Or.
656 3897 687 3944 Te
703 3897 808 3958 heyden,
826 3897 858 3960 bij
874 3900 906 3946 D.
924 3899 957 3946 da
974 3899 1077 3948 Mortier
1093 3915 1122 3949 ee
1138 3903 1213 3962 Zoen,
1233 3901 1305 3949 1821.
1322 3902 1361 3950 8⁰.
1376 3900 1465 3950 Palmii

365 3978 505 4026 Orationem
522 3977 612 4042 excepit
629 3977 743 4026 'Pollensii
757 3979 858 4028 Carmen
875 3980 980 4029 funebre.

398 4060 425 4116 21
445 4059 479 4110 Μ.
496 4058 645 4124 0169661661,
669 4057 844 4123 Verpelijkeade
860 4059 1015 4127 bereiorrwiep
1033 4079 1078 4112 rea
1091 4061 1112 4112 ’1
1117 4080 1176 4128 peea
1188 4071 1245 4114 door
1257 4066 1286 4114 de
1298 4064 1464 4128 tacetelinpen

362 4145 406 4194 der
427 4144 540 4193 Leidrclae
556 4143 726 4208 Hoeqesciool,
750 4144 776 4192 r'a
797 4145 826 4194 de
842 4145 917 4208 jaree
941 4143 1016 4204 1012,
1042 4147 1106 4194 1815
1129 4162 1158 4196 en
1181 4148 1245 4196 1830
1269 4152 1308 4196 161
1329 4145 1408 4208 1831,
1426 4150 1465 4194 161

361 4227 509 4291 cordediqirrp
525 4243 571 4276 aaa
588 4227 630 4275 161
651 4227 789 4275 Vaderlead
803 4227 893 4290 verripe
908 4227 936 4276 ie.
970 4227 1037 4276 Leia.
1056 4229 1130 4278 1831.

395 4310 421 4359 J.
440 4311 548 4368 Reemer,
569 4310 756 4374 eederrkrcan'jr
769 4326 815 4358 aaa
828 4311 873 4358 dere
892 4310 987 4373 0111691
1000 4337 1033 4346 —-
1042 4326 1071 4358 en
1084 4327 1130 4360 eea
1143 4313 1189 4361 dea
1207 4311 1231 4359 V
1227 4315 1319 4376 eldr‘opt
1332 4313 1375 4362 der
1387 4312 1421 4361 H.
1430 4307 1463 4359 H.

364 4393 497 4443 Stridentes
505 4409 549 4442 aar
559 4395 589 4442 de
598 4392 756 4456 Hoopeschool
762 4397 787 4442 te
795 4392 892 4452 1161166,
902 4409 950 4442 ear.
961 4392 987 4440 r'rr
996 4393 1061 4441 1880
1069 4408 1099 4443 ea
1108 4395 1181 4445 1831.
1195 4395 1260 4446 Leid.
1271 4395 1349 4456 1830,
1360 4394 1463 4444 31211.
