3362 5300
384 563 443 626 114
883 579 991 624 cauno

382 762 636 850 impedimentis,
657 762 770 827 laetius
789 761 959 828 effloruere.
984 762 1025 826 In
1043 762 1100 828 ille
1119 765 1263 828 tutorum
1283 764 1491 830 multitudine

382 887 416 950 εὴ
444 883 673 962 controversia,
704 903 780 948 mox
810 884 939 968 publica
967 907 1044 949 cura
1075 887 1108 948 et
1137 886 1227 949 velut
1257 886 1376 963 tutela,
1408 887 1491 950 bene

384 1009 493 1070 tamen
523 1004 677 1088 pueritiae
706 1007 740 1069 et
763 1004 993 1070 adolescentiae
1016 1004 1216 1082 consultum,
1241 1005 1389 1089 religioni
1413 1010 1490 1071 ente

383 1126 500 1190 omnia.
547 1125 617 1192 Iam
647 1125 780 1190 sexenni
810 1126 956 1190 admotus
988 1123 1153 1190 Cornelius
1184 1125 1408 1210 Triglandius‚
1437 1149 1489 1191 sa-

383 1269 508 1313 crarum
539 1247 703 1312 literarum
735 1249 820 1330 apud
850 1245 1004 1330 Haganos
1026 1245 1197 1330 interpres,
1222 1249 1357 1330 patruus
1379 1247 1489 1312 Iacobi

383 1366 577 1452 'lln'glendib
608 1367 710 1444 illius,
735 1367 790 1450 qui
812 1369 974 1431 mortuum
998 1365 1204 1430 Guiliclmum
1227 1368 1372 1432 oratione
1394 1369 1489 1432 fune-

384 1488 434 1570 bri
455 1489 491 1551 in
514 1487 687 1554 Academia
708 1490 819 1552 nostra
841 1487 993 1552 laudavit.
1040 1487 1072 1552 Is
1095 1487 1211 1552 Iacobo
1234 1488 1338 1552 multa
1362 1491 1400 1553 de
1419 1490 1489 1574 pie-

383 1611 451 1676 tate
481 1607 642 1674 Guilielmi
673 1609 797 1673 solebat
823 1629 963 1672 narrare.
1010 1607 1111 1672 Arma
1143 1611 1176 1672 et
1208 1609 1280 1692 equi
1302 1609 1367 1672 iarn
1390 1633 1489 1693 puero

383 1751 465 1797 cara.
512 1729 635 1793 Ludere
657 1730 794 1806 bellum,
819 1730 905 1793 domi
927 1729 970 1806 in,
986 1750 1095 1792 mensa
1118 1729 1200 1792 ecies
1224 1729 1361 1794 militum
1381 1730 1416 1813 pl
1473 1768 1488 1780 -

382 1850 514 1916 beorum
537 1849 710 1927 instruere,
734 1852 838 1914 castra
861 1871 900 1913 ex
924 1871 1021 1913 arene
1044 1849 1158 1913 metari
1180 1851 1213 1914 et
1236 1871 1322 1914 arces
1345 1851 1487 1928 munire,

382 1972 546 2056 pleraque
565 1971 622 2034 otii
652 1971 906 2045 oblectamenta3
938 1990 1137 2054 regnumqne
1166 1969 1307 2054 accipere
1330 1971 1415 2036 risus
1438 1975 1489 2036 est

383 2093 420 2160 in
448 2093 570 2158 duobus
594 2092 682 2176 equis
704 2091 913 2168 Mauritania,
938 2112 1016 2174 quos
1041 2089 1192 2166 Ordines,
1217 2112 1236 2152 a
1258 2090 1406 2174 Principe
1428 2091 1487 2158 Sa-

382 2213 463 2280 leusi
488 2217 652 2297 acceptos,
684 2213 714 2277 ei
745 2213 919 2277 donabant.
968 2210 1141 2275 Ordinibus
1172 2211 1218 2274 ita
1252 2212 1371 2296 gratias
1402 2213 1486 2296 egit,

382 2337 420 2400 ut
442 2335 576 2411 diceret,
594 2354 642 2398 ¹se
672 2355 799 2417 sperare
829 2332 919 2396 brevi
946 2331 1032 2408 fere,
1056 2333 1094 2394 ut
1115 2331 1165 2395 his
1185 2331 1273 2414 equis
1297 2354 1354 2416 pro
1379 2335 1486 2417 petria

382 2455 535 2520 dimicans
558 2456 709 2521 uteretur.

426 2575 524 2642 Anno
556 2575 642 2639 1659
666 2577 768 2638 mater
791 2596 863 2638 eum
886 2573 1016 2636 Leidam
1039 2573 1166 2637 mittere
1188 2573 1366 2637 constituit.
1414 2574 1485 2638 Ma-

380 2699 533 2782 gistratus
555 2696 723 2762 Leidenses
747 2696 875 2759 domurn
898 2695 1088 2758 instructam
1109 2694 1314 2771 obtulerunt,
1336 2695 1486 2772 eandem,

381 2819 417 2883 in
446 2839 508 2902 qua
538 2815 720 2901 Ooligniam
744 2819 777 2879 et
799 2814 974 2880 Henricum
996 2813 1156 2879 habitasse
1179 2813 1325 2878 arbitror.
1375 2814 1488 2881 Oomes

381 2939 525 3015 additus,
555 2938 610 3023 qui
640 2938 739 3002 vitam
768 2938 908 3021 regeret,
939 2934 1172 3019 Sulesteynius,
1205 2935 1383 3000 studiorum
1411 2959 1488 3000 cura

380 3059 519 3138 Bomio,
542 3058 765 3144 Philosophiae
788 3056 980 3133 Professori,
1005 3055 1180 3120 commissa.
1216 3055 1329 3120 Bornii
1351 3057 1487 3122 virtutes

381 3185 413 3246 et
446 3181 555 3246 laudes
587 3179 677 3264 genti
707 3178 898 3244 Arausiacec
928 3178 1047 3241 dudum
1076 3177 1254 3241 innotuisse
1286 3177 1485 3242 dicebantur.

382 3301 516 3371 Ordines
546 3299 738 3365 Hellandiae
766 3299 948 3383 Principem
972 3297 1067 3382 Haga
1090 3297 1303 3362 discedentem
1326 3299 1486 3362 salutave-

381 3425 474 3498 runt,
506 3421 568 3484 huc
600 3420 820 3484 advenientem
850 3419 1002 3483 salutavit
1027 3417 1192 3495 Cocceius,
1216 3419 1333 3482 Rector
1355 3419 1487 3504 Magni-

380 3543 468 3615 ficus.
515 3541 628 3607 Paucis
657 3543 731 3626 post
763 3539 871 3602 diebus
902 3537 1066 3604 Antonius
1097 3539 1251 3623 Thysius‚
1281 3540 1380 3604 tacito
1404 3540 1486 3605 Pro-

380 3664 534 3730 fessorum
561 3684 733 3745 consensu,
763 3661 936 3725 adventum
966 3661 1002 3725 in
1025 3660 1232 3726 Academiam
1254 3660 1388 3724 solemni
1412 3683 1486 3725 cra-

380 3786 467 3849 tione
496 3783 675 3870 gratulatus
706 3784 763 3845 est.
811 3779 972 3865 Oppidani
1003 3783 1036 3844 et
1065 3781 1279 3845 adolescentes
1301 3779 1488 3848 Academici

382 3904 586 3980 ¹Guilielmum
615 3904 662 3966 ita
693 3905 900 3987 exceperunt,
933 3905 971 3965 ut
998 3902 1034 3966 in
1064 3902 1268 3966 veneratione
1298 3905 1331 3965 et
1360 3903 1487 3967 laetitia

381 4025 475 4090 simul
497 4023 711 4090 misericordie
733 4026 888 4106 quaedam
907 4024 1089 4108 appareret;
1109 4044 1185 4086 nam
1204 4023 1298 4086 unica
1318 4045 1390 4107 spes
1410 4026 1485 4088 tan-

412 4287 444 4334 In
469 4284 515 4334 illc
539 4287 646 4334 tutorum
671 4280 833 4341 multitudine)
867 4280 967 4330 Tutores
992 4295 1040 4330 non
1065 4279 1116 4328 sine
1139 4279 1300 4330 controversia
1322 4279 1383 4340 dati,
1407 4285 1488 4333 meter

379 4365 515 4431 (Guilielmi
532 4365 560 4412 ΙΙ
577 4364 669 4422 vidua),
688 4364 741 4412 avia
757 4363 886 4430 (Frederici
904 4361 1006 4410 Henriei
1022 4377 1095 4420 uxor,
1113 4361 1205 4410 Amelia
1227 4362 1366 4428 Selmensis)
1386 4366 1411 4412 ct
1430 4365 1487 4414 Elle-

380 4449 439 4496 ctcr.
473 4446 577 4494 Accessit
593 4444 712 4494 Ordinum
728 4445 822 4511 publica
839 4460 895 4493 cura
912 4446 936 4491 ct
953 4442 1020 4506 quasi
1037 4443 1120 4492 tutela
1156 4443 1192 4492 cf.
1210 4444 1298 4494 Annot.

414 4529 514 4578 Domum
530 4526 684 4594 instructam)
718 4527 806 4577 Aulam
823 4525 969 4590 Principum.
988 4525 1024 4574 Of.
1041 4539 1113 4590 supra
1128 4539 1151 4590 p.
1171 4525 1226 4575 110.
