3362 5296
566 1483 811 1560 GULIELMO
837 1481 1105 1556 BELGARUM
1131 1481 1256 1554 REGI.

492 1734 602 1798 (QUUM
620 1733 846 1782 CONSTANTINI
865 1732 1012 1780 HUGENII
1030 1729 1076 1780 DE
1094 1731 1172 1778 VI'I'A
1189 1730 1336 1778 PROPRIA

577 1831 752 1897 suRMONus
770 1831 803 1879 ul
820 1829 975 1886 mossur,
994 1830 1022 1877 A.
1040 1827 1247 1892 Mucccxvn.)

450 2229 484 2294 Si
507 2231 599 2294 vacat
620 2251 639 2291 c
662 2228 787 2312 mugnis
810 2227 941 2311 paulum
965 2230 1106 2292 secedere
1134 2226 1235 2303 curis,

495 2347 579 2423 Quas
600 2348 661 2411 tibi
683 2350 762 2411 dani
783 2347 895 2431 populi
916 2369 983 2424 res,
1009 2347 1179 2423 Gulielme,
1201 2346 1267 2422 tui;

450 2466 595 2551 Suscipe,
619 2469 750 2551 pacato,
776 2488 839 2551 quo
863 2467 995 2552 suscipis
1019 2467 1143 2542 omnic,
1168 2466 1278 2542 iustu,

494 2586 612 2651 Mentis
636 2587 720 2652 dona
743 2585 814 2670 piae
837 2608 896 2650 nec
919 2586 1098 2651 simulanbis
1121 2607 1212 2669 opus.

447 2706 535 2772 Haec
557 2707 653 2771 eiiam
675 2704 843 2790 Hugeniae
867 2710 1075 2771 monumenbc
1097 2705 1208 2770 senilia
1230 2705 1340 2769 Musae

494 2827 578 2892 Seni
600 2827 640 2891 ab
663 2825 837 2892 Arausieca
860 2848 928 2890 non
951 2826 1054 2890 aliene
1078 2826 1182 2890 domu.

447 2946 510 3012 Hic
532 2947 606 3011 fidei
628 2947 807 3032 exemplum
830 2917 1105 3011 maberOoliueee
1126 2947 1267 3030 legetur,

492 3068 553 3133 Per
577 3069 678 3133 scelus
700 3067 755 3131 illa
777 3066 842 3130 suis
865 3067 914 3130 bis
938 3065 1073 3150 spoliata
1097 3065 1182 3130 viris,

447 3189 633 3253 Mauritium
655 3187 815 3264 invenies,
839 3187 915 3250 belli
937 3186 992 3269 qui
1014 3185 1136 3250 fulmen
1160 3185 1262 3263 Iberi,

493 3308 677 3372 Vindictam
699 3307 821 3390 petrice
843 3307 958 3370 sumsit
979 3307 1020 3370 ab
1043 3305 1135 3370 hoste
1157 3307 1261 3370 necis:

448 3425 636 3510 Oppidaque
658 3422 832 3489 Henricum
857 3426 1036 3508 capientem
1059 3425 1223 3491 ultricibus
1247 3426 1361 3503 ermis,

492 3544 635 3609 Moribus
659 3547 696 3607 ub
720 3543 802 3607 cives
827 3546 859 3606 ei
881 3543 1025 3607 bonitate
1049 3565 1131 3608 suos.

448 3665 624 3730 Occurrent
646 3664 735 3728 varie
756 3662 826 3726 bini
849 3663 967 3727 virtute
989 3661 1178 3742 Wilhclmi,

492 3784 649 3869 Gesteque
670 3783 826 3848 Nessuviu
849 3785 973 3866 sceptra
995 3781 1153 3846 Britanna
1176 3805 1282 3847 mauu.

446 3905 648 3988 Principibus
670 3903 824 3986 placuisse
846 3903 948 3966 'uibus
972 3902 1190 3981 Zulichemus‚
1214 3908 1247 3968 eb
1266 3903 1339 3969 illos

490 4023 652 4089 Hellande
674 4022 781 4107 potuit
798 4022 991 4088 ¹demeruisse
1013 4022 1086 4087 fide.
1397 4012 1399 4020 ’

445 4145 526 4211 Pace
549 4143 621 4207 sinu
644 4142 732 4206 ducis
756 4143 789 4204 et
810 4141 915 4204 medic
936 4141 1065 4206 vivebat
1086 4143 1122 4207 in
1146 4145 1236 4222 aula,

490 4263 649 4348 spargens
674 4259 825 4344 Cecropio
848 4260 929 4324 seria
953 4262 1047 4326 decia
1070 4263 1144 4327 sele.
1218 4299 1221 4304 ·

444 4383 491 4450 At
513 4383 540 4447 si
562 4382 646 4447 bellu
670 4381 781 4444 ducem
804 4382 837 4444 ei
858 4380 961 4446 rabies
984 4381 1130 4467 Hispane
1153 4387 1324 4460 vocarent,

490 4502 602 4569 Ousire
624 4500 720 4565 eiiam
743 4502 775 4564 et
798 4498 894 4565 lituos
917 4501 973 4585 qui
996 4506 1177 4586 sequeretur
1200 4507 1276 4569 ereb.
