3338 5302
523 590 560 633 oe
580 587 777 638 xssoesosre
796 587 929 632 seusam.
1242 569 1278 634 ll

179 775 299 841 efficere
329 775 486 851 conabor,
518 776 555 838 ut
579 794 639 852 vos¹
659 773 794 858 dignum
817 795 889 838 eum
911 772 1073 851 iudicetis,
1098 775 1153 858 qui
1176 775 1281 839 denuo

179 898 308 972 adetum
332 899 370 960 ut
392 895 437 960 sic
460 893 658 978 frequentius
680 894 716 958 in
736 915 845 958 eorum
864 894 1013 960 manibus
1033 895 1150 960 versari
1163 895 1281 979 possit,

179 1017 235 1100 qui
258 1019 315 1080 aut
336 1038 355 1080 a
378 1015 586 1081 severioribus
606 1015 719 1080 studiis
739 1016 797 1078 aut
815 1015 856 1078 ab
874 1014 945 1078 aliis
964 1015 1102 1098 negotiis
1113 1015 1282 1080 honestum

181 1137 282 1202 otium
304 1138 547 1220 persequuntur.

226 1257 371 1340 Reliquit
404 1257 546 1340 quinque
581 1257 619 1322 de
655 1257 815 1322 amoribus
846 1255 988 1320 Anthiae
1019 1259 1053 1320 et
1073 1255 1284 1323 Habrocomis

182 1380 290 1444 libros.
337 1377 449 1447 Altera
472 1379 550 1444 adeo
574 1381 642 1442 erat
665 1378 822 1456 formosa,
843 1381 965 1442 utnon
984 1377 1138 1462 Ephesiae
1157 1381 1285 1444 tantum

182 1501 322 1584 puellas,
355 1497 531 1584 (Ephesum
563 1502 670 1566 antem
702 1503 835 1582 uterque
867 1499 970 1564 solum
998 1499 1137 1565 habebat
1164 1500 1286 1586 natale)

183 1622 281 1705 longe
303 1623 379 1704 post
401 1641 435 1684 se
457 1619 628 1686 intervallo
651 1619 861 1704 relinqueret,
885 1642 995 1686 verum
1018 1621 1115 1686 etiam
1138 1622 1287 1686 omnibus

184 1745 277 1810 istius
299 1741 440 1827 regionis
461 1743 654 1826 praestaret,
677 1742 742 1806 imo
767 1743 808 1806 ad
831 1741 931 1808 Deam
954 1743 1096 1827 proxime
1116 1742 1286 1807 accederet

184 1864 294 1941 Alter,
319 1865 357 1929 ut
377 1863 520 1940 iuvenis,
544 1862 614 1946 pari
638 1865 708 1927 erat
733 1861 836 1930 forma
859 1862 1044 1928 ethonore.
1068 1861 1170 1946 Digni
1189 1862 1289 1946 ign'tur
1359 1939 1361 1942 Ι

185 1985 242 2068 qui
268 1982 472 2048 matrimonio
496 1982 582 2048 inter
605 2004 639 2047 se
663 1983 944 2066 coniungerentur.
991 1982 1060 2058 Quo
1079 1983 1180 2060 inito,
1205 1985 1290 2046 sorte

186 2104 319 2182 moniti,
350 2105 388 2168 ut
419 2103 481 2168 sibi
511 2102 719 2180 videbantur,
751 2124 882 2187 peregre
905 2103 1102 2187 aliquamdiu
1123 2103 1184 2168 iter
1207 2102 1289 2168 fece·

186 2228 273 2290 runt.
319 2223 383 2290 Hie
413 2246 486 2292 cum
517 2224 627 2288 multis
649 2224 752 2308 iisque
775 2223 970 2308 grammis
994 2223 1229 2292 calamitatibus
1251 2224 1290 2288 iis

189 2345 253 2410 fuit
282 2346 488 2423 luctandum,
513 2367 573 2410 nec
595 2345 705 2412 induci
726 2348 836 2408 tamen
858 2347 1052 2429 potnerunt,
1075 2347 1113 2408 ut
1134 2345 1230 2417 fidem
1253 2345 1292 2408 de

188 2466 343 2532 servando
366 2487 473 2530 amore
496 2469 529 2529 et
551 2465 698 2530 castitate
721 2465 847 2543 datam,
867 2464 1025 2531 fallerent.
1057 2465 1201 2530 Tandem
1219 2467 1293 2549 post

189 2588 335 2654 infinitos
358 2608 478 2652 errores
501 2589 535 2650 et
556 2586 736 2670 praesentia
757 2587 842 2651 vitae
865 2586 1023 2670 pericula,
1048 2583 1115 2651 non
1139 2587 1208 2652 sine
1230 2609 1292 2652 mr·

190 2709 276 2773 mine
311 2707 417 2792 aliquo
454 2707 515 2772 sibi
550 2707 677 2771 obviam
709 2706 805 2785 facti,
842 2711 1061 2773 anteactarum
1095 2708 1293 2774 miseriarum

190 2828 376 2896 memoriam
395 2829 570 2914 praesentis
589 2828 739 2894 fortunae
758 2829 954 2913 cogitatione
965 2829 1117 2896 etfruetn
1129 2830 1292 2907 delerant,

191 2973 285 3034 seque
308 2949 470 3034 Ephesum
492 2953 688 3034 receperunt.
770 2986 776 2994 ·

237 3072 279 3136 ln
299 3071 351 3140 his
373 3071 559 3136 enarrandis
582 3073 694 3136 auctor
715 3070 827 3137 nativa
849 3073 987 3156 quadam
1011 3071 1215 3157 simplicitate
1237 3095 1295 3139 nec

193 3193 314 3258 adscita
348 3193 508 3287 gravitate
542 3214 617 3258 usus
652 3195 710 3257 est.
757 3191 874 3258 Nullae
907 3193 943 3257 in
974 3215 1011 3258 eo
1033 3197 1111 3259 sunt
1133 3196 1294 3280 argutiae,

194 3315 284 3380 nulla
307 3314 456 3380 acumina
477 3314 541 3378 ista
563 3313 739 3391 rhetorica,
764 3313 848 3378 nihil
866 3314 1001 3402 denique
1019 3316 1112 3380 istius
1124 3316 1295 3395 orationis,

194 3437 229 3500 in
253 3436 316 3521 qua
338 3457 445 3500 rernm
468 3439 576 3500 tumor
598 3438 631 3499 et
653 3435 843 3500 vanissimus
866 3437 1035 3503 verborum
1065 3439 1216 3522 strepitus
1247 3460 1296 3503 re·

195 3561 317 3642 gnant,
341 3577 405 3640 qua
416 3556 541 3621 serioris
554 3554 667 3622 aetatis
684 3556 853 3639 scriptores
865 3559 1033 3641 tantopere
1045 3558 1297 3623 delectabantur.

195 3677 421 3762 Deprehendas
444 3680 607 3761 praeterea
630 3676 683 3742 hic
706 3698 780 3741 oum
801 3676 1043 3742 Hemsterlrusio
1062 3679 1160 3742 moris
1172 3678 1297 3762 antiqui

196 3799 332 3882 vestigia
362 3797 519 3882 quaedam
550 3819 618 3863 non
648 3796 741 3862 facile
774 3799 876 3863 obvie.
924 3797 1132 3866 Laudandum
1164 3803 1196 3864 et
1218 3798 1299 3864 illud

197 3923 281 3984 recte
312 3921 421 3987 conset
451 3918 596 3997 bonella,
629 3919 717 4003 quod·
744 3918 905 3983 interdum
928 3919 1084 3984 brevitate
1107 3920 1300 3985 narrationis

199 4041 275 4104 facti
291 4040 486 4106 celeritatem
496 4040 589 4123 quasi
600 4039 790 4104 adumbrare
800 4041 916 4105 studet.
940 4041 1085 4127 Lingua,
1098 4064 1162 4126 qua
1180 4043 1300 4120 utitur,

199 4161 300 4245 proba
333 4165 398 4239 est,
431 4161 507 4238 sed..
534 4164 571 4226 ut
602 4161 650 4226 ita
673 4161 793 4238 dicam,
817 4161 956 4228 Erotica
1004 4161 1194 4228 Observasse
1216 4165 1302 4230 enim

200 4283 279 4350 mihi
313 4283 423 4348 videor
451 4282 530 4348 istos
563 4282 731 4366 scriptores
762 4283 923 4366 propriam
954 4285 1115 4368 quandam
1145 4282 1303 4350 scribendi

200 4405 357 4470 rationem
380 4402 514 4481 laborm
538 4425 620 4487 quae
642 4402 761 4468 recedit
783 4403 910 4487 quidem
934 4403 1134 4487 aliquantum
1157 4403 1198 4468 ab
1209 4425 1305 4470 aurea

202 4525 314 4592 aetatis
346 4525 522 4608 gravitate,
555 4523 684 4608 elegans
712 4528 821 4590 tamen
852 4527 917 4604 est,
953 4523 1087 4608 simplex
1119 4529 1152 4590 et
1182 4525 1302 4606 facilis,
