3338 5302
473 653 475 658 ·
576 639 614 682 na
634 635 780 680 msuomui
797 635 921 680 ous1c1o.
1262 615 1298 679 51

195 822 258 887 lius
286 821 362 886 inde
392 824 433 886 ad
463 841 569 887 veram
598 817 784 886 felicitatem
816 819 969 903 proficere
999 818 1173 902 possimus,
1204 839 1299 904 quam

196 942 321 1020 Deum,
366 943 421 1007 ubi
454 942 523 1008 fieri
557 941 666 1017 liceat,
702 942 825 1006 attenta
859 940 1095 1025 uerecundoque
1127 939 1300 1004 intuentes.

196 1065 267 1130 Iam
290 1063 372 1148 fingi
395 1062 516 1148 aliquid
539 1060 736 1146 cogitarique
753 1061 871 1145 possit,
890 1060 976 1145 quod
992 1059 1180 1124 historicum
1199 1061 1302 1146 magis

198 1185 326 1262 deceat,
357 1205 454 1268 quam
485 1186 517 1248 et
548 1182 650 1247 Deum
680 1181 817 1260 intueri,
848 1181 943 1246 huius
975 1181 1110 1267 vestigia
1141 1181 1247 1266 sequi,
1271 1184 1304 1245 et

198 1305 270 1371 aliis
291 1305 398 1370 minus
421 1303 581 1369 interdum
606 1302 823 1388 cog'itantibus
844 1303 1010 1368 indicare?

245 1425 350 1490 Multa
380 1429 473 1504 sunt,
505 1447 565 1490 neo
596 1425 750 1504 diffiteor,
781 1425 880 1510 plana
910 1428 944 1489 et
973 1429 1100 1510 aperta,
1132 1425 1306 1510 inquibus

200 1547 398 1633 explicandis
420 1568 488 1612 non
509 1547 690 1631 indigemus
708 1545 810 1612 multo
828 1547 1013 1630 interpretis
1034 1546 1188 1612 acumine.
1220 1545 1306 1611 Nam

202 1673 240 1734 ut
269 1669 392 1734 semina
418 1668 484 1732 uim
506 1666 628 1732 habent
650 1667 811 1745 innatam,
835 1687 899 1750 qua
921 1667 1020 1732 humo
1043 1667 1173 1744 condita
1195 1671 1306 1754 turge-

201 1793 309 1868 scant,
340 1790 536 1854 viriditatem
566 1789 754 1867 ostendant,
787 1788 910 1854 occulte
939 1792 1100 1868 crescant,
1125 1811 1162 1854 ao
1183 1789 1308 1880 innotus

199 1911 375 1998 aliquando
403 1909 587 1997 proferant,
611 1912 698 1994 quod
720 1909 790 1974 fieri
812 1931 928 1995 nempe
951 1909 1125 1995 quotannis
1147 1910 1308 1988 videmus3

202 2035 250 2100 ita
273 2055 333 2098 usu
355 2031 531 2097 multorum
555 2031 752 2096 saeculorum
775 2031 878 2096 edocti
902 2032 1127 2116 cognovimus,
1150 2052 1219 2096 eam
1243 2054 1309 2098 esse

204 2156 362 2220 virtutum
385 2155 595 2239 potestatem,
623 2154 660 2217 ut
681 2153 762 2217 bene
787 2152 909 2231 cultae,
933 2174 1023 2217 suam
1045 2173 1188 2237 quaeque
1207 2152 1309 2218 felici·

204 2277 282 2342 tatis
304 2278 429 2361 partem
452 2274 575 2340 nutriat
597 2295 635 2338 ac
657 2277 811 2359 procreet.

252 2397 370 2463 Obsint
392 2400 554 2482 tempora,
579 2398 617 2460 ut
640 2396 719 2460 coeli
742 2399 913 2481 tempestas
935 2397 1098 2462 interdum
1120 2397 1322 2476 seminibus,

206 2523 280 2585 tuta
301 2519 366 2584 fnit
388 2538 573 2602 semperque
597 2517 659 2581 erit
681 2516 809 2581 virtutis
832 2539 960 2582 meroes.
1007 2515 1115 2602 Atque
1139 2522 1176 2584 ut
1199 2520 1313 2585 medici

205 2663 247 2705 ex
276 2643 402 2705 attenta
432 2639 566 2703 humani
597 2636 739 2722 corporis
772 2637 1059 2723 contemplatione,
1092 2643 1124 2704 et
1150 2641 1314 2725 praeteriti

208 2905 262 2950 cos
293 2905 359 2948 esse
390 2883 534 2960 morbos,
567 2901 702 2966 quorum
727 2881 780 2946 alii
803 2903 842 2946 ex
865 2882 1058 2967 contagione
1082 2883 1236 2968 quadam,
1262 2882 1316 2947 alii

207 3007 279 3090 ipsa
308 3004 475 3068 hominum
506 3001 601 3086 eulpa
634 3001 795 3080 oriantur,
831 3001 1001 3087 tabemque
1035 3025 1141 3068 secum
1170 3007 1203 3067 et
1230 3025 1315 3069 mor·

209 3130 277 3190 tem
310 3125 438 3203 ferant,
472 3123 520 3188 ita
553 3141 592 3186 ex
626 3125 779 3208 perpetuo
813 3122 987 3207 eodemque
1020 3133 1132 3188 rerum
1160 3123 1317 3189 humana·

207 3267 281 3310 rum
315 3265 409 3310 cursu
444 3243 613 3321 efficimus,
649 3241 797 3307 omnibus
831 3241 935 3307 adhuc
964 3243 1091 3328 populis
1120 3248 1318 3311 contemtum

208 3366 351 3431 iustitiae
382 3367 415 3430 et
437 3362 602 3449 religionis
624 3363 779 3428 maximas
802 3363 1000 3429 calamitates
1023 3367 1056 3429 et
1077 3364 1245 3431 interitum
1269 3369 1319 3432 at-

208 3488 330 3554 tulisse.

257 3605 302 3673 Et
332 3609 383 3673 cui
414 3606 583 3672 obsonium
613 3608 677 3684 est,
702 3627 759 3672 our
782 3605 868 3671 Dens
891 3605 976 3672 hanc
999 3608 1220 3674 necessitatem
1242 3631 1321 3675 con-

211 3730 371 3807 stituerit,
406 3729 460 3814 qui
492 3729 630 3813 cogitet,
665 3728 843 3793 humanum
873 3749 976 3814 genus
1007 3732 1048 3793 ad
1078 3730 1234 3796 iustitiam
1257 3753 1323 3798 esse

212 3852 344 3927 natum,
377 3852 411 3914 et
440 3870 563 3933 semper
590 3847 736 3913 tristibus
768 3847 918 3933 exemplis
951 3850 1167 3929 admonitum,
1193 3853 1324 3918 tandem

212 3971 388 4055 aliquando
416 3971 456 4035 ad
486 3970 702 4035 beatissimam
734 3971 871 4034 aetatem
899 3991 965 4035 esse
988 3971 1185 4051 ducendum,
1210 3977 1324 4040 testem

212 4093 304 4158 illam
326 4095 474 4157 aeternae
496 4092 583 4177 pacis
606 4091 771 4170 etunius,
796 4091 851 4158 scd
873 4091 975 4157 divini
999 4092 1141 4178 imperii,
1159 4093 1325 4160 fulcirem?

260 4213 404 4300 Simplex
433 4213 568 4278 fortasse
598 4215 631 4277 et
658 4213 754 4276 nimis
778 4212 985 4296 antiquorum
1008 4214 1176 4279 hominum
1200 4239 1219 4280 a
1241 4237 1326 4280 non-

214 4335 315 4400 nullis
345 4334 482 4412 haboar,
514 4335 542 4398 si
573 4333 713 4400 miseren
744 4355 795 4398 me
818 4334 923 4400 dicam
947 4334 1099 4420 Sulpicii,
1124 4335 1179 4420 qui
1199 4333 1328 4402 011111-
1428 4387 1430 4390 ψ

221 4515 373 4524 o—-.

254 4607 363 4673 &inicia
397 4608 428 4658 In
444 4605 565 4658 Ciceronis
580 4607 656 4674 Epist.
674 4607 704 4656 ed
720 4606 774 4657 Diu.
793 4607 837 4658 IV.
856 4608 878 4658 t.
893 4609 938 4672 54.
