3362 5296
605 601 773 649 sclusums
793 605 954 650 cumensis.
1276 581 1337 644 173

299 788 434 872 Stetque
456 788 587 865 domus,
610 791 853 852 monumentum
875 789 992 871 ingens
1015 785 1144 869 pietatis
1168 784 1289 862 evites,

365 906 612 993 Augustumque
634 908 733 972 infert
756 907 895 972 nubibus
918 908 985 971 alte
1007 909 1113 991 ceput.

298 1027 361 1092 Hic
383 1029 476 1093 foeda
498 1028 665 1092 horrisono
688 1028 825 1092 stridens
848 1027 996 1112 equibus
1018 1026 1172 1112 procelle,

365 1148 509 1213 Perdidit
534 1149 587 1212 hic
609 1149 691 1213 vires
714 1147 858 1212 fulminis
881 1149 930 1211 ire
953 1169 1035 1212 suus.

297 1269 382 1334 Hinc
405 1269 536 1334 miseros
559 1269 636 1333 olim
658 1269 802 1333 lacerans
825 1267 982 1332 discordia
1004 1268 1107 1345 cives,

364 1389 524 1474 Implexss
548 1392 618 1453 etro
642 1391 717 1452 dum
740 1389 845 1472 quatit
867 1409 973 1472 angue
996 1409 1120 1465 comes,

296 1511 420 1576 Pallida
444 1509 584 1574 crudeles
606 1509 715 1574 oculos
739 1509 882 1573 detorsit.
930 1507 1040 1573 Olivee

362 1630 403 1696 In
426 1651 549 1695 summo
572 1649 749 1714 agnoscens
772 1629 917 1713 germina
940 1628 1044 1712 prims
1067 1628 1169 1692 tholo.

251 1822 253 1826 ,
294 1750 376 1827 Quid
398 1750 514 1815 Franci
536 1750 678 1834 asperius
699 1749 831 1813 tulimus
854 1748 982 1813 feritate
1003 1747 1159 1834 tyrenni‘?

361 1869 507 1955 Nepoleo
529 1870 581 1934 hic
604 1868 715 1934 melior
738 1868 925 1952 Napoleone
947 1868 1019 1932 fnit.

293 1991 336 2056 Et
358 1992 414 2077 qui
438 1991 580 2055 demissis
604 1989 733 2054 domino
756 1988 930 2053 cervicibus
951 1989 1045 2052 ibant

360 2111 466 2189 Servi,
491 2111 659 2193 sacrileges
682 2109 865 2173 abstinuere
887 2131 1011 2172 munus.

234 2249 237 2252 ·
293 2231 339 2296 At
360 2232 388 2295 si
410 2230 502 2294 fatali
525 2231 668 2294 monstro
691 2228 780 2293 furor
803 2229 863 2292 iste
886 2229 1027 2305 veniret,

358 2351 419 2427 Qui
442 2350 580 2435 patriam
603 2349 729 2414 Oceano
752 2350 896 2414 reddere
903 2352 1027 2434 posset,
1051 2352 1129 2413 eret.

290 2473 442 2555 Mergite‚
465 2493 562 2554 quem
585 2473 746 2554 quondum
769 2467 947 2553 stupefacto
970 2469 1091 2534 lumine
1113 2469 1260 2534 Phoebus

358 2592 516 2656 Tellurem
539 2613 557 2654 e
580 2590 708 2655 domitis
731 2611 860 2674 surgere
883 2590 963 2654 vidit
987 2590 1087 2674 equis.

290 2714 432 2780 Dedecus
456 2712 516 2776 hoc
540 2732 625 2776 seros
648 2711 846 2775 transmittet
868 2711 954 2775 fame
976 2733 1033 2796 per
1056 2730 1175 2786 ennos3

357 2833 401 2898 Et
424 2833 514 2898 nulle
536 2831 691 2916 immensi,
705 2831 805 2895 diluet
827 2831 915 2894 unda
937 2830 1043 2895 meris.

289 2954 406 3019 Navita
428 2954 621 3038 praeteriens
656 2952 754 3016 »Fuit
775 2951 836 3016 hoc
858 2950 1055 3016 Hellendie”
1087 2951 1187 3016 dicet:

355 3074 530 3138 ›Demerss
554 3074 606 3138 hic
631 3071 722 3138 Corsi
744 3073 877 3137 crimine
898 3071 996 3135 Leids
1019 3070 1142 3136 stetit.'’

286 3196 464 3260 Incolumes
488 3216 613 3271 sumus,
637 3196 671 3258 ct
692 3193 807 3268 versis,
830 3191 917 3257 Deus
939 3191 1076 3275 optime,
1100 3190 1191 3269 fatis,

353 3314 492 3380 servasti
515 3313 637 3399 patrios
660 3313 695 3376 in
718 3311 850 3376 meliors
872 3312 978 3377 Lares.

286 3435 393 3520 Atque
416 3435 541 3519 aquilae
563 3437 707 3499 nostram
729 3433 871 3497 Francus
893 3434 1000 3498 videre
1023 3434 1186 3499 iuventam

352 3555 473 3621 Bellica
495 3577 561 3620 non
585 3554 698 3620 timido
720 3557 848 3638 pectore
872 3557 976 3619 cestre
997 3554 1095 3639 sequi.

286 3676 304 3740 I
328 3697 431 3753 nunc,
455 3676 539 3739 cleto
562 3678 595 3739 te
617 3675 719 3739 vende
742 3672 897 3758 Superbia
919 3655 1022 3753 fastu,

352 3793 460 3879 Atque
482 3795 573 3859 iubis
594 3794 733 3878 obliquis
755 3794 852 3859 Livor
874 3796 959 3859 iners
983 3794 1099 3860 oculis!

283 3915 446 3980 Leidensis
469 3917 593 4000 spectet
616 3914 756 3999 Capitoli
778 3915 942 3979 immobile
965 3935 1076 3980 saxum

352 4033 480 4119 Europe
501 4035 634 4118 placidis
658 4035 783 4098 aemule
807 4034 992 4100 luminibus.

281 4152 377 4218 Hanc
405 4155 532 4219 habitet
555 4155 660 4219 sedem
683 4154 795 4239 priscis
818 4155 967 4219 adamate
989 4153 1120 4222 Betevis

353 4276 564 4361 Simplicitas,
592 4275 729 4360 propriis
753 4277 843 4340 suctu
864 4275 967 4341 nitere
992 4275 1095 4342 bonis.

282 4396 500 4462 Circumstant
523 4397 679 4460 maiorum
702 4394 860 4474 Umbrae,
885 4397 918 4461 et
941 4395 1130 4464 Reverentis
1149 4399 1259 4486 magui

351 4514 517 4593 Nominis,
540 4518 573 4579 et
595 4515 710 4600 vigilat
732 4518 862 4580 sanctus
884 4514 921 4582 in
944 4536 1014 4582 erce
1038 4515 1164 4596 Puden
