3362 5296
579 527 723 576 cocleare
743 527 808 576 SPEI
828 529 984 576 NAU'I'ICAE.

298 709 358 776 Sed
385 711 470 776 mala
492 712 528 775 in
549 711 726 779 immeritos
749 715 836 779 dolet
858 714 998 778 exitialia
1020 714 1135 799 Belgas

388 832 567 898 Paucorum
590 833 702 898 effudit
723 856 804 919 quae
827 834 980 899 scelerata
1003 834 1126 899 cohors.

297 952 344 1018 Aa
365 975 422 1018 ros
443 953 579 1038 ingenui
601 955 720 1039 Belgae
742 955 863 1020 durate.
910 956 1070 1020 Tenebras

387 1074 458 1138 Iam
480 1074 538 1138 lux
559 1075 713 1159 excipiet,
739 1098 798 1141 nec
821 1077 904 1141 male
928 1098 1052 1162 semper
1074 1077 1145 1140 erit.

297 1192 436 1259 Foedere
460 1197 546 1278 qued
570 1198 655 1260 certo
679 1194 765 1261 Deus
788 1200 820 1261 et
844 1200 960 1262 natura
982 1197 1114 1281 ligavit,

389 1313 558 1380 Humanae
580 1315 667 1380 haud
689 1319 843 1400 poterunt
865 1317 1046 1384 dissoluisse
1068 1339 1192 1382 manus.

299 1434 350 1501 Ne
372 1436 484 1500 dubita
505 1436 671 1515 miseram,
696 1436 873 1521 Lecpolde‚
897 1439 1073 1524 relinquere
1096 1442 1230 1503 terram:

388 1557 564 1642 Indignum
587 1558 719 1643 Belgas,
744 1579 807 1643 quc
831 1560 964 1643 premis,
992 1559 1081 1624 aufer
1104 1581 1198 1626 onus.

299 1675 356 1742 Nil
378 1678 441 1742 nisi
463 1679 555 1743 triste
576 1679 688 1744 vident
710 1680 804 1745 oculi.
848 1678 1071 1765 Circumspice.
1119 1679 1270 1747 Clamant

391 1798 520 1877 Omnia,
544 1823 644 1884 quum
665 1803 795 1866 taceant
816 1802 908 1866 »Rea
928 1803 1078 1889 pucriles,
1107 1803 1201 1867 adi!”

301 1918 385 1995 Quin
407 1920 526 2005 degens
548 1921 660 1997 roseis,
681 1926 717 1987 ut
736 1922 914 2005 quondam,
936 1923 971 1986 in
992 1923 1142 1987 odoribus
1160 1945 1292 2000 aevum,

391 2039 465 2104 Otia
488 2041 624 2106 lascivae
647 2041 743 2125 plena
765 2042 881 2126 quietis
906 2043 1000 2126 agis?

304 2159 482 2228 Gaesariem
505 2183 677 2247 compone,
701 2161 851 2230 venustos
873 2163 971 2228 indue
994 2165 1116 2242 cultus,

391 2283 435 2348 Et
457 2286 553 2348 canta
577 2282 720 2367 Glyceris
743 2285 886 2348 carmina
907 2288 1001 2369 grata
1025 2286 1099 2349 tuis.

161 2446 172 2456 -
299 2402 339 2468 In
362 2404 504 2469 thalamo
526 2404 649 2481 lentus,
673 2404 749 2489 luge
772 2405 836 2469 dux
859 2404 950 2482 Pari,
976 2405 1096 2490 spicula
1116 2408 1149 2470 et
1169 2405 1293 2483 hastas,

390 2525 551 2590 Praesidio
574 2523 710 2609 (lypriae
731 2527 840 2603 tutus,
863 2529 1015 2603 utente,
1038 2525 1133 2592 Deae.

301 2645 385 2721 Quid
407 2646 506 2710 facis?
552 2645 641 2722 Heu,
665 2646 819 2730 populum
842 2669 961 2731 pompa
985 2647 1107 2712 deludis
1130 2647 1238 2723 inani,

392 2767 594 2833 Distribuens
617 2767 707 2851 larga
728 2767 842 2832 bellica
866 2768 960 2851 signa
984 2769 1101 2831 manu!

301 2885 439 2971 Adspice
462 2887 595 2952 militiae
617 2891 754 2964 veteres,
783 2887 970 2952 fortissime!
994 2887 1109 2952 rident.

392 3008 436 3073 Et
457 3010 575 3076 tacitus
597 3009 707 3074 multis
728 3007 833 3072 inficit
854 3029 910 3072 ora
933 3007 1040 3072 rubor.

304 3129 351 3195 Aa
373 3130 463 3214 cupis
487 3131 647 3214 acceptam
670 3130 789 3194 virtute
812 3129 1014 3212 exstinpprere
1036 3128 1155 3192 labem!

393 3249 498 3316 Unica
520 3248 593 3333 plus
616 3249 712 3334 pretii
734 3251 829 3334 gutta
851 3249 970 3314 crucris
992 3248 1099 3313 habat.

303 3370 435 3454 Proripe
456 3373 507 3447 te,
531 3373 597 3434 dux
619 3390 750 3453 magne,
776 3370 910 3453 tuosque
932 3369 1032 3434 revise
1055 3369 1248 3448 Britannos,

395 3490 542 3556 Discessu
567 3491 661 3556 tofles
683 3491 817 3556 dedecus
840 3513 935 3556 omne
958 3493 1023 3556 tue.

306 3609 448 3676 Crimina
469 3611 619 3678 Idumeae
640 3612 740 3677 veluti
763 3612 945 3677 communia
966 3612 1072 3695 gentis

397 3731 544 3798 Abstulit
565 3734 696 3798 emissus
718 3754 776 3818 per
796 3735 868 3798 loca
890 3732 958 3798 sola
981 3754 1082 3817 caper.

306 3853 352 3920 Te
374 3859 466 3939 pater
488 3855 574 3920 haud
597 3856 726 3940 genuit,
750 3877 864 3940 corpus
887 3854 956 3920 sinc
977 3857 1121 3937 pectore,
1145 3853 1245 3922 laudi.

357 4027 359 4034 ,
398 3976 489 4041 Bella
511 3980 627 4062 gerant
650 3977 721 4055 alii,
746 3999 802 4042 rex
822 3977 1001 4060 Lecpoldus
1021 3979 1118 4044 amet.

308 4096 380 4162 Hoc
402 4097 539 4175 facient,
565 4120 622 4163 sua
644 4119 724 4183 quos
745 4098 846 4162 virtus
870 4099 903 4161 et
923 4118 1018 4161 causa
1046 4096 1206 4175 volentes,

399 4215 473 4282 Vox
494 4217 617 4301 patriae
640 4222 673 4282 et
695 4219 761 4283 cari
783 4218 883 4302 regis,
909 4219 949 4280 ad
974 4239 1062 4281 arma
1083 4219 1188 4283 vocat.

310 4336 383 4402 Vox
400 4359 488 4402 saera
501 4342 593 4403 trans
604 4337 756 4404 Vahalim
774 4338 882 4402 audita
900 4339 949 4402 est
959 4336 1153 4420 Mosamque.
1172 4334 1304 4402 Volavit

401 4457 481 4524 Alta
504 4480 599 4544 super
621 4459 729 4537 Flevi,
753 4459 897 4524 fulminis
920 4459 1040 4536 instar,
1065 4478 1176 4553 aquea
