3362 5300
386 557 447 618 110
885 573 994 620 calmo

385 757 515 824 Parisiis
536 759 623 835 erat,
651 761 750 822 artem
773 757 937 842 equitandi
960 758 1135 823 exercuisse
1157 759 1193 824 in
1215 757 1391 825 Academia
1412 762 1489 828 Plu-

386 878 496 942 vinelli
519 879 591 964 (noe
614 878 795 943 huiusmodi
813 877 1001 944 Academias
1020 877 1260 964 Hippodromoa
1278 880 1490 965 appellamus)

387 1003 420 1065 et
443 1000 618 1064 exercuisse
640 1001 733 1062 tanta
756 999 882 1084 quidem
908 1021 980 1064 cum
1003 999 1125 1083 gretia,
1150 1002 1188 1064 ut
1207 1001 1350 1065 omnium
1370 1006 1490 1067 morta-

386 1120 466 1184 lium
489 1120 612 1184 animoe
635 1123 771 1205 caperet.
818 1121 910 1186 Tales
933 1121 1088 1186 minutiae
1111 1143 1179 1187 non
1201 1123 1394 1204 ostendunt,
1415 1124 1492 1208 quid

388 1244 504 1306 natura
526 1262 696 1325 puerorum
718 1244 934 1326 praemoneat

433 1361 541 1427 Dousa
571 1367 717 1427 accurate
746 1363 877 1427 tenebat
907 1362 1052 1448 linguam
1082 1361 1248 1440 latinam,
1280 1363 1432 1429 historias
1461 1369 1495 1430 et

387 1482 629 1561 mathematica,
653 1485 685 1547 et
707 1483 762 1569 qui
785 1483 995 1561 mutauerat,
1019 1483 1157 1548 amabat.
1205 1482 1405 1564 Hemicum,
1425 1488 1495 1572 opi-

389 1625 466 1681 nor,
497 1603 611 1668 Latine
642 1604 760 1668 docuit.
807 1603 892 1670 Nam
915 1606 949 1668 et
970 1603 1025 1668 ille
1047 1625 1084 1668 eo
1108 1625 1252 1670 sermone
1275 1609 1388 1691 postea
1411 1608 1497 1671 mul·

389 1727 459 1788 tum
490 1723 724 1801 delectabatur,
749 1725 890 1789 eruditas
913 1723 1086 1809 diligebat,
1110 1725 1205 1790 horas
1228 1725 1372 1811 quotidie
1396 1748 1497 1812 nego-

389 1845 443 1909 tiie
462 1847 503 1908 ad
521 1845 628 1909 studia
647 1845 853 1929 decerpebat,
871 1847 904 1909 et
922 1843 1175 1910 Commentarios
1200 1844 1343 1912 Caesaris
1366 1847 1402 1911 in
1425 1848 1499 1913 sinu

390 1966 548 2051 gestabat.
606 1964 855 2043 Mathematica,
893 1965 993 2030 frater
1026 1966 1169 2031 Mauritii
1203 1969 1236 2031 et
1270 1967 1374 2032 officia
1409 1970 1500 2034 ducis

390 2087 604 2172 praecipiens,
637 2086 799 2172 negligere
821 2107 889 2150 non
911 2087 1028 2171 potuit.
1073 2086 1235 2152 Hmloriae
1258 2092 1500 2172 cognoscendae

391 2207 568 2293 eupiditate
590 2208 736 2272 ducimur
755 2228 865 2272 omnes
884 2208 992 2292 pueri:
1013 2208 1091 2292 quid
1109 2229 1189 2292 puer
1206 2206 1382 2273 Arausiaca
1399 2211 1500 2296 stirpe

393 2327 564 2394 Guilielmo
586 2331 693 2413 patre,
717 2328 872 2413 magistro
894 2327 1021 2407 Deuca,
1046 2329 1135 2394 cuiue
1159 2333 1192 2394 et
1213 2329 1314 2414 ipsius
1336 2332 1429 2415 pater
1449 2353 1501 2396 re-

393 2472 465 2516 rum
495 2472 570 2535 pare
599 2448 728 2514 fuerat?
773 2448 861 2514 Bene
883 2448 1026 2535 profecto
1048 2452 1180 2534 paratus
1200 2449 1360 2516 Hemicue
1382 2449 1501 2517 Frede-

394 2572 478 2636 ricus
502 2570 632 2636 Leidam
655 2571 744 2635 venit
767 2591 795 2635 a.
822 2569 926 2649 1594,
952 2571 1065 2635 aetatis
1088 2570 1154 2636 fere
1177 2571 1355 2637 undecimo,
1402 2572 1503 2637 Dela-

395 2695 465 2756 tum
506 2693 542 2757 in
581 2691 787 2758 Academiam
824 2693 1015 2778 discipulum
1050 2691 1159 2758 Densa
1192 2693 1329 2778 pulchro
1361 2695 1505 2759 carmine

395 2813 565 2892 salutavit,
595 2815 768 2899 eodemque
798 2835 883 2878 anno
913 2812 975 2877 iter
996 2813 1033 2876 in
1055 2811 1259 2878 Germaniam
1282 2813 1369 2880 feeit.
1416 2815 1504 2880 Tum

396 2932 505 2998 Dousa
536 2934 636 2999 maior
664 2933 840 2999 Henricum
870 2933 1077 2999 erudiendum
1108 2934 1248 3012 curavit,
1277 2957 1336 3000 nec
1359 2937 1505 3020 eorporis

397 3055 547 3120 exercitia
581 3055 733 3141 neglexit.
779 3053 867 3120 Emti
899 3054 1047 3139 doctique
1077 3055 1119 3119 ab
1148 3053 1294 3139 Hispano
1325 3057 1507 3122 nebulones

397 3199 487 3256 eum,
511 3177 546 3240 in
567 3176 626 3240 tali
648 3177 725 3241 ludo
748 3178 929 3260 separatum
954 3196 973 3238 a
996 3174 1267 3240 commilitonibus
1291 3177 1398 3255 nacti,
1422 3197 1506 3242 con-

396 3297 490 3361 ficere
525 3297 706 3380 sperabant.
752 3295 838 3361 Deus
872 3296 989 3360 avertit
1023 3296 1141 3374 scelus,
1178 3295 1406 3381 prehenaique,
1446 3319 1510 3362 an-

397 3421 526 3500 tequam
567 3415 697 3481 Leidam
739 3417 922 3494 venissent,
966 3415 1101 3500 dignum
1143 3416 1283 3482 consiliis
1316 3417 1402 3482 vitae
1437 3419 1511 3484 exi-

398 3538 467 3602 tum
506 3536 696 3600 habuerunt.
754 3535 881 3603 Interea
914 3539 947 3602 et
977 3534 1126 3622 Oolignia
1158 3537 1353 3604 domicilium
1387 3536 1511 3604 Leidae

399 3657 576 3725 constituit.
622 3655 841 3734 Habitarunt,
877 3657 912 3721 ni
945 3654 1056 3734 fallor,
1091 3657 1127 3720 in
1163 3659 1275 3735 domo,
1310 3680 1392 3742 quae
1427 3662 1513 3725 tunc

398 3780 483 3846 Aula
521 3778 707 3864 Principum
741 3778 974 3863 appellabatur.
1033 3777 1232 3844 Sententiam
1266 3777 1327 3842 sibi
1360 3778 1514 3863 legerat:

400 3901 589 3987 Patareaque
607 3903 773 3988 patrique:
796 3903 984 3984 paternam,
1001 3901 1113 3978 credo,
1131 3901 1284 3977 mortem,
1305 3898 1515 3966 defendenda

434 4125 564 4174 Academia
583 4126 725 4190 Plurimili)
760 4126 861 4190 Cognita
882 4141 910 4174 ex
932 4139 1003 4190 opere
1026 4123 1130 4174 Gallico:
1166 4122 1336 4174 l'Imtmction
1359 4125 1393 4175 du
1409 4127 1464 4190 Ray
1485 4144 1518 4178 en

400 4206 520 4258 c'eaeereice
536 4209 566 4258 da
582 4212 674 4258 menter
689 4206 705 4256 ὸ
724 4208 823 4266 etevat,
835 4224 885 4271 par
901 4206 999 4256 Maera
1017 4205 1122 4256 Antoinc
1138 4207 1168 4256 de
1183 4205 1301 4256 Plurimi.

435 4291 544 4356 Nepotiie
559 4291 593 4340 ad
607 4291 699 4353 studia)
733 4289 776 4339 lid.
794 4305 830 4356 pr.
848 4289 942 4338 stadiis.

437 4373 619 4425 Commentarios
638 4373 745 4424 Curatis
761 4372 787 4420 in
802 4371 869 4437 aaa)
903 4371 947 4421 ild.
964 4385 1000 4436 pr.
1019 4385 1139 4434 tecumque
1157 4369 1183 4418 ia
1199 4369 1253 4420 aiau
1272 4372 1357 4420 Coum.
1380 4373 1445 4420 Gaea.

439 4458 510 4507 caica
525 4461 551 4507 et
567 4457 648 4521 aaut)
664 4455 707 4505 lid.
725 4471 761 4520 pr.
779 4454 846 4503 cuiue
863 4453 941 4518 ἱρήια.

435 4539 604 4606 Dofmdaada)
623 4537 665 4588 nd.
683 4554 720 4603 pr.
737 4537 842 4603 dasena.
