3362 5300
396 561 457 623 lau
898 573 1006 619 oanmo

396 758 544 823 deletam.
579 759 675 823 Peleu
693 758 796 823 filium
815 760 942 822 seculus
960 760 1009 822 esi
1028 762 1149 842 sepiem
1169 760 1262 825 annis
1282 765 1365 846 posi.
1400 761 1501 828 Huius

397 899 456 962 ego
485 879 627 962 ignorati
656 879 814 962 Principis
838 901 940 956 casus,
965 879 1017 943 vel
1039 880 1177 945 inimicis
1199 882 1411 961 miserabiles,
1436 905 1500 947 me·

398 999 526 1064 minisse
564 999 698 1084 refugio.
752 999 891 1074 Quiescil
924 1000 1113 1079 Brunsvici,
1149 1004 1276 1087 placida
1310 1005 1502 1088 compositus

399 1141 491 1202 pace,
516 1142 613 1204 qnam
634 1124 796 1204 posiremo
819 1121 904 1185 vilae
926 1124 1069 1206 tempore
1090 1145 1158 1186 non
1181 1123 1272 1188 vidit.

443 1240 535 1306 Unus
566 1241 660 1305 eiiam
693 1264 732 1306 ex
763 1242 865 1306 tribus
896 1242 959 1306 illis
984 1242 1130 1320 vuchei,
1155 1245 1308 1322 exiorris,
1333 1245 1500 1329 spoliatus,

398 1362 573 1439 desolatus,
595 1365 649 1427 sed
669 1361 736 1428 fuis
755 1363 982 1447 fortunamque
1000 1362 1210 1430 Neerlendiac
1229 1388 1334 1430 secum
1352 1370 1501 1450 portans,

398 1485 433 1546 in
468 1483 600 1548 meliora
631 1486 777 1568 tempora
799 1487 940 1548 servatus
963 1486 996 1548 ei
1018 1485 1182 1569 sepositus.
1229 1485 1387 1570 Tempora
1409 1509 1501 1551 vene-

400 1606 494 1681 runt,
518 1604 704 1668 felicitatem
727 1604 863 1669 vidimus
886 1627 923 1670 uc
945 1605 1110 1670 sentimus.
1144 1604 1289 1689 Antiqua
1308 1607 1502 1671 necessiiudo

399 1747 472 1789 cnm
490 1723 663 1789 Academia
682 1726 791 1789 sialim
811 1726 989 1789 instauraia
1009 1729 1066 1790 esi.
1097 1725 1173 1791 Non
1192 1726 1364 1804 enarrabo,
1385 1732 1502 1811 quanta

399 1868 500 1910 novus
522 1867 579 1910 rex
602 1845 826 1910 benevolentia
845 1868 931 1924 eum,
953 1846 1131 1911 colluvione
1150 1869 1255 1912 rerum
1273 1848 1410 1912 barbara
1429 1871 1501 1933 pur·

398 1971 523 2052 gaiam,
557 1967 600 2030 sii
621 1970 823 2050 prosecutus,
849 1966 964 2050 quibus
988 1989 1083 2050 quam
1107 1969 1321 2052 singularibus
1345 1969 1502 2032 beneficiis

401 2089 533 2153 euxerii.
580 2087 676 2152 Brevi
707 2090 781 2172 posi
808 2087 947 2151 redilum
977 2088 1113 2152 vidimus
1143 2089 1264 2173 priscae
1287 2088 1447 2173 opinionis
1469 2111 1502 2153 ac

399 2209 577 2274 voluntatis
606 2211 720 2273 testem
752 2207 854 2273 filium
881 2212 960 2273 nalu
984 2210 1139 2274 minorem
1163 2209 1368 2274 Guilielmum
1390 2209 1502 2274 Frede-

401 2331 502 2394 ricum
538 2327 703 2407 Oarolum,
738 2331 793 2412 qui
826 2334 952 2408 lamen,
988 2331 1043 2395 vix
1076 2331 1235 2396 inchoatis
1270 2331 1399 2409 studiis,
1431 2331 1502 2396 belli

400 2473 496 2517 causa
519 2450 699 2526 discedens,
723 2450 759 2514 in
781 2449 917 2516 Francia
937 2473 1009 2517 cum
1030 2452 1170 2516 exercitu
1189 2455 1221 2516 el
1239 2451 1504 2516 commilitonibus

399 2570 597 2638 Academicis
627 2590 684 2654 pro
715 2571 819 2655 patria
851 2594 953 2656 nuper
974 2575 1160 2656 recuperata
1183 2572 1280 2636 staua
1328 2571 1390 2637 Sed
1414 2573 1504 2636 dere

400 2716 525 2759 summa
542 2697 605 2760 iam
624 2695 735 2780 populi
758 2693 980 2770 decreverant,
1003 2693 1089 2757 bona
1112 2714 1207 2757 causa
1229 2692 1357 2756 vicerat.
1397 2692 1504 2757 Victo·

399 2817 448 2881 ria
480 2821 589 2882 tamen
625 2817 717 2881 nobis
747 2837 874 2900 quoqne
902 2814 988 2878 haud
1017 2834 1117 2898 parvo
1152 2815 1253 2891 omia,
1289 2835 1348 2878 nec
1379 2813 1507 2898 sanguis

401 2937 591 3003 Areusiacus
622 2937 732 3002 defiat.
779 2936 865 3000 Deus
888 2936 1070 3020 Principem
1093 2934 1247 2999 Arausiae
1270 2937 1302 2998 cl
1325 2934 1378 2998 hic
1403 2956 1504 2998 serve-

401 3060 464 3136 vil,
489 3064 527 3123 ui
550 3059 687 3137 scilieet,
711 3058 797 3143 quod
820 3062 929 3122 lamen
952 3060 984 3120 el
1006 3057 1074 3140 ipsc
1098 3059 1131 3120 ei
1153 3076 1263 3119 omnes
1285 3055 1383 3138 longe
1403 3055 1506 3118 abesse

402 3201 584 3264 precamur,
616 3183 739 3263 patrem
771 3178 864 3242 nobis
891 3175 1062 3260 aliquando
1085 3176 1197 3240 raddai
1219 3176 1357 3252 bonum,
1383 3176 1504 3259 sepien-

402 3303 489 3376 lem,
532 3300 651 3363 iustum
686 3303 718 3363 ei
751 3301 972 3374 consanum,
1006 3317 1176 3381 regemque
1210 3319 1281 3360 eum
1316 3296 1502 3371 habeamus,

403 3418 531 3502 qualem
556 3418 660 3484 adhuc
681 3418 850 3482 habuimus
874 3417 950 3481 belli
974 3420 1102 3494 ducem,
1123 3417 1273 3500 nascique
1292 3417 1416 3481 interea
1435 3437 1504 3501 pos·

404 3543 476 3604 seni
502 3560 587 3604 nova
610 3538 718 3624 stirpis
742 3525 904 3624 germina,
929 3560 1011 3622 quae
1032 3539 1097 3602 iem
1119 3538 1202 3602 lueis
1225 3542 1257 3602 ei
1278 3539 1314 3603 in
1338 3561 1427 3623 spem
1449 3558 1504 3601 no·

406 3663 505 3726 sirum
528 3683 665 3727 creseere
687 3661 839 3726 videmus.

447 3782 554 3861 Duos,
585 3781 791 3847 Guilielmum
819 3780 1001 3865 Principem
1034 3780 1188 3846 Arausiac
1211 3781 1455 3846 haereditarium
1476 3783 1505 3844 el

405 3902 625 3968 Alexandrum
667 3903 847 3986 Principem
887 3901 1151 3966 Neerlandiarum
1184 3903 1341 3986 cognovi,
1378 3922 1504 3987 quorum

406 4025 652 4090 erudiendorum
680 4047 787 4089 curam
818 4027 909 4109 peter
939 4023 1035 4087 eiiam
1065 4023 1144 4086 mihi
1167 4024 1370 4088 commiserit.
1416 4023 1505 4088 Haud

407 4145 552 4231 equidem
584 4145 734 4222 diffiteor,
767 4165 833 4208 non
861 4144 931 4208 sine
954 4142 1167 4208 sollicitudine
1189 4165 1258 4208 eam
1281 4165 1349 4208 rem
1373 4141 1503 4226 suscepi:

420 4342 577 4354 nn--n-n

444 4451 576 4501 Culleolum
591 4466 669 4500 rerum
686 4449 795 4513 barbara)
829 4450 872 4500 nd.
890 4466 926 4516 pr.
945 4448 1072 4499 colluvione
1088 4447 1195 4499 barbara.

446 4533 552 4583 Victoria
569 4538 649 4582 tamen
665 4532 740 4598 noae)
774 4531 817 4581 Ed.
835 4547 870 4597 pr.
881 4561 884 4568 ,
894 4531 1000 4581 Victoris
1015 4531 1087 4581 nobis.
