3338 5302
643 573 682 621 es
701 571 849 621 accesso.
1263 552 1303 616 95

196 759 339 827 'omnium
362 763 477 848 plausu
496 761 628 845 excepte
647 761 696 824 est
714 758 774 824 viri
795 757 914 824 oratio:
938 777 1020 821 unus
1045 758 1151 820 tamen
1177 753 1300 832 ›Hem,

194 881 317 966 inquit,
347 881 471 946 latidsti
492 903 543 945 me
566 878 784 965 philosophus.
832 877 912 956 Sed,
935 875 1084 955 memini,
1107 897 1186 960 pner
1208 874 1300 939 schc-

194 1003 241 1066 las
263 1001 396 1067 Latinas
419 999 661 1086 frequentasti’‘.
685 1037 724 1047 -
745 997 790 1062 Ft
808 999 1015 1082 usurpaverat
1033 997 1088 1061 ille
1107 996 1301 1061 sententiam

194 1123 394 1208 philosophi,
427 1121 568 1206 Epicteti
598 1141 730 1205 nempe,
763 1116 817 1183 sed
847 1119 1049 1202 imprudens,
1082 1139 1156 1182 nam
1183 1115 1301 1181 Graece

193 1266 235 1308 ne
257 1245 363 1329 legere
384 1244 514 1329 quidem
535 1241 748 1326 intelligebat.

238 1337 319 1429 Fam
350 1387 457 1430 earum
489 1367 522 1428 et
551 1361 745 1428 honoratum
773 1361 891 1447 ubique
914 1364 983 1426 erat
1004 1360 1139 1446 Borgeri
1162 1382 1300 1439 nomen,

194 1489 227 1550 et
256 1485 283 1550 si
314 1485 442 1570 quando
475 1485 525 1548 die
548 1505 636 1549 sacro
659 1482 757 1549 verba
779 1504 837 1567 pro
860 1482 1014 1547 concione
1036 1483 1118 1546 esset
1140 1481 1300 1559 factumn,

194 1608 264 1670 tum
286 1607 425 1692 apertius
448 1606 544 1670 etiam
568 1603 793 1680 declarabant,
820 1603 933 1687 quanti
956 1603 1048 1667 illum
1071 1602 1222 1668 facerent.
1267 1603 1302 1669 Si

193 1727 296 1792 dicam
320 1725 440 1811 templa
461 1726 498 1790 in
522 1723 647 1811 oppidis
670 1745 737 1789 non
756 1724 933 1789 sedentium
953 1723 1075 1801 minus,
1097 1745 1194 1808 quam
1211 1725 1301 1788 stan-

193 1847 274 1912 tium
305 1846 486 1930 frequentia
516 1845 684 1930 compleri,
708 1846 779 1910 loca
802 1845 906 1908 multo
929 1847 1006 1909 anta
1027 1843 1143 1928 grandi
1166 1846 1301 1929 pecunia

193 1967 345 2044 conduci,
370 1967 489 2052 gradus
510 1968 679 2050 suggestus
702 1965 820 2042 teneri,
845 1963 948 2030 dicam
967 1965 1017 2042 id,
1039 1965 1125 2049 quod
1141 1963 1300 2049 Borgerus

192 2111 265 2154 cum
284 2089 393 2173 paucis
412 2088 590 2154 oratoribus
609 2086 750 2153 habebat
767 2107 945 2150 commune.
970 2085 1031 2152 sed
1052 2086 1155 2170 primo
1173 2086 1209 2149 in
1228 2087 1300 2152 loco

191 2212 224 2274 et
242 2209 329 2276 intra
347 2210 505 2275 cancellos
524 2207 779 2294 conspiciebatur
797 2229 865 2271 non
885 2227 985 2284 unus,
1003 2206 1206 2290 caeteroquin
1221 2207 1299 2271 adeo

353 2354 470 2419 parcite
495 2327 638 2396 Deorum
660 2329 760 2394 melior
781 2341 810 2394 ct
832 2329 1027 2415 infrequens,

178 2455 229 2543 ,nl
260 2452 415 2536 templum
447 2451 584 2534 reperire
613 2470 680 2514 non
704 2449 816 2513 melius
839 2451 962 2534 posset,
988 2470 1084 2534 quam
1108 2450 1184 2513 novi
1207 2471 1300 2514 sena-

191 2575 275 2637 tores
310 2573 405 2651 olim,
440 2571 594 2636 beneficio
628 2567 769 2660 Caesaris
804 2571 919 2648 creati,
956 2570 1076 2636 curiam
1108 2571 1297 2635 Romanam.

190 2692 278 2758 Haec
301 2694 337 2757 in
360 2693 496 2778 oppidis.

237 2813 316 2878 Ruri
339 2813 401 2879 hoc
423 2813 488 2878 fine
509 2834 577 2877 non
597 2813 744 2878 constitit
762 2813 873 2891 ardor,
894 2813 949 2877 sed
967 2814 1229 2898 progrediebatur
1247 2815 1297 2878 ul-

189 2936 296 3001 terius.
344 2935 484 3013 Rustici,
520 2933 736 3008 humanitatis,
764 2955 831 2998 non
862 2936 1022 3018 expertes,
1056 2935 1118 2999 iter
1148 2935 1298 3001 horarum

190 3055 368 3132 faciebant,
392 3056 526 3140 locoque
549 3055 683 3132 exclusi,
707 3055 742 3118 in
765 3054 876 3118 limine
898 3056 931 3118 et
953 3076 1025 3119 area
1046 3053 1115 3118 iani
1138 3057 1297 3120 ausculta-

190 3177 285 3255 bant,
310 3176 490 3262 gradueque
510 3178 543 3240 et
565 3176 682 3254 scalas,
708 3177 862 3259 tanquam
885 3176 919 3239 in
944 3174 1126 3254 obsidione,
1150 3175 1297 3241 fenestris

191 3298 421 3375 admovebant,
445 3295 547 3362 beati.
573 3297 600 3362 si
622 3297 709 3362 vocis
731 3295 826 3361 modo
850 3317 964 3361 sonum
988 3297 1144 3362 audirent.

237 3419 369 3484 Possum
392 3418 485 3502 plura
508 3417 620 3483 afferre
643 3417 826 3482 testimonia
844 3417 1016 3487 inusitatae
1036 3419 1296 3498 existimationis,

191 3562 254 3626 qua
276 3538 453 3624 Borgerum
475 3537 569 3602 Frisii
593 3538 642 3603 sui
664 3538 837 3604 habebant.
874 3538 936 3605 Sed
956 3539 1006 3604 cui
1025 3539 1111 3606 bono
1129 3541 1297 3606 afferrem?

190 3659 259 3726 Aut
281 3661 353 3746 quis
376 3659 518 3737 dubitet,
543 3660 598 3744 qui
620 3660 741 3724 recenti
760 3661 912 3726 memoria
930 3661 1072 3745 repetat,
1092 3662 1192 3726 vitam
1211 3662 1297 3726 illius
1384 3649 1387 3658 ’

192 3803 263 3846 cum
286 3779 464 3867 publicam,
487 3781 557 3844 tum
580 3779 739 3864 privatam
760 3780 796 3844 in
819 3779 870 3844 his
892 3781 989 3846 etiam
1007 3781 1100 3846 terris
1120 3781 1211 3848 nulla
1230 3803 1299 3846 non

191 3901 321 3966 honoris
344 3899 579 3984 significatione
602 3900 699 3964 trisse
721 3881 940 3984 illustratam?

235 4020 419 4086 Admodum
449 4019 686 4085 adolescentem
717 4018 886 4086 Curatores
917 4021 1108 4098 Academiae
1139 4023 1300 4090 Leidensis

193 4141 252 4207 sibi
282 4139 503 4218 vindicarunt,
535 4139 685 4205 timentes
715 4141 822 4220 oredo,
852 4163 895 4206 ne
923 4142 977 4206 alii
1007 4145 1168 4227 peterent,
1202 4167 1301 4229 eoque

194 4263 344 4342 consilio,
377 4262 415 4326 nt
443 4253 540 4340 olim,
572 4261 667 4328 simul
698 4283 735 4327 ac
767 4283 816 4340 res
839 4262 953 4341 ferret,
978 4265 1011 4328 et
1030 4261 1190 4348 Borgerus
1212 4287 1300 4352 spem

194 4386 232 4451 de
261 4406 294 4450 se
317 4383 505 4470 conceptam
528 4382 693 4468 impleret,
718 4383 851 4449 omnino
874 4406 967 4450 suum
989 4383 1140 4452 facerent.
1186 4385 1301 4452 Lecto·

227 4551 322 4598 Parcus
339 4550 443 4600 Deorum
462 4547 551 4616 cador)
587 4545 675 4598 Horat.
694 4549 772 4599 carn.
791 4549 812 4598 1.
832 4549 872 4597 84.
