3362 5300
577 530 812 599 ‘rsprcsrms
829 557 1024 611 memoramus.
1327 563 1370 624 67

800 745 885 810 *adis
908 747 1096 816 lectionibus
1118 753 1273 824 indictum
1296 779 1361 824 esse

898 869 1024 950 rttiuet,
1057 871 1177 939 factum
1208 879 1256 942 est
1285 901 1360 963 rege

1011 993 1073 1058 ista
1107 1000 1229 1063 curant.
1288 997 1358 1082 Ego

1102 1115 1240 1194 alumni,
1266 1138 1355 1182 acce-

1182 1238 1275 1321 .ipso
1294 1261 1353 1303 na-

1050 1499 1090 1542 ue
1115 1477 1262 1544 Octobris
1286 1481 1352 1544 dios

996 1597 1119 1680 patriae
1143 1598 1239 1683 longe
1257 1621 1350 1683 prae-

912 1737 957 1779 ,as
979 1716 1177 1782 calamitates
1201 1721 1234 1782 et
1256 1720 1350 1788 mise·

848 1886 854 1896 ,
879 1836 1003 1913 arrisit,
1028 1840 1060 1900 et
1083 1837 1245 1923 Hispanos
1265 1839 1350 1904 vinci

784 1977 841 2018 ron
864 1959 959 2024 duras
982 1958 1018 2021 in
1041 1980 1111 2024 aare
1135 1962 1167 2022 et
1192 1958 1274 2026 ferro
1294 1982 1348 2026 co-

725 2076 878 2141 rindictaa
901 2077 1006 2155 sitim,
1030 2099 1097 2144 nou
1120 2076 1270 2144 ferociam
1290 2103 1349 2147 nec

676 2196 741 2260 vim
768 2199 1002 2262 tormentorum
1025 2201 1148 2283 stragas
1170 2199 1236 2264 late
1258 2223 1348 2285 spar-

610 2319 780 2400 pracstare.
827 2317 931 2382 Parva
953 2319 1089 2397 civium,
1114 2321 1168 2386 vix
1191 2322 1273 2386 bono
1297 2345 1349 2387 ar-

557 2484 564 2515 ,
596 2457 685 2501 amor
715 2438 853 2521 patriae,
885 2461 957 2522 spos
988 2439 1024 2504 in
1054 2438 1121 2505 Deo
1145 2442 1266 2525 posita,
1289 2465 1348 2526 pa·

490 2557 648 2634 nstantia,
680 2557 819 2641 impetus
849 2557 992 2642 Philippi
1015 2559 1219 2644 repulerunt,
1242 2562 1347 2640 illius,

439 2723 447 2742 υ
470 2699 535 2742 asse
558 2677 726 2743 videbatur
749 2699 858 2762 parva.

408 2773 549 2866 animum
571 2799 699 2863 creditis
722 2798 818 2863 fuisse
842 2798 1010 2864 Guilielmo
1034 2801 1172 2886 principi
1194 2801 1347 2868 Arausio·

348 2970 356 3001 ,
386 2925 436 2988 oui
467 2918 600 3004 Delphis
631 2920 667 2983 in
696 2919 817 3002 templo
849 2941 970 2986 sacram
1000 2921 1178 2992 orationem
1204 2927 1349 2993 audienti

297 3046 379 3110 atius
399 3045 551 3110 liberatae
569 3041 735 3106 obsidione
753 3040 869 3105 Leidae
889 3041 1102 3108 afferebatur?
1136 3043 1232 3109 Haud
1250 3047 1349 3118 alium

250 3173 340 3258 puto,
358 3188 453 3253 quam
476 3182 540 3246 quo
564 3183 666 3245 nuper
688 3159 876 3225 Gmliolmus
898 3183 955 3226 rex
978 3163 1145 3233 victoriam
1167 3165 1348 3233 lovanien-

248 3315 310 3362 sem
341 3285 527 3372 accipiebat.
573 3281 780 3346 Intellexerat
810 3281 859 3346 vir
886 3282 1130 3369 sapiensquam
1152 3288 1218 3354 vim
1242 3310 1347 3354 exem-

247 3417 333 3504 plum
364 3408 468 3484 urhis,
493 3408 560 3468 tam
583 3404 639 3467 diu
663 3405 696 3466 at
718 3402 837 3468 frustra
860 3402 901 3467 ab
923 3402 1078 3489 Hispanis
1101 3409 1238 3496 petitae,
1263 3411 1349 3484 domi

246 3537 382 3618 forisque
404 3529 486 3594 esset
508 3524 711 3601 habiturum,
735 3527 893 3606 quantum
912 3524 1045 3591 fiduciae
1064 3529 1257 3611 genituram.
1281 3531 1349 3604 Ita-

245 3680 305 3747 que
335 3653 371 3718 in
401 3647 549 3714 omnibus
577 3643 700 3729 patriae
723 3645 866 3728 oppidis,
891 3646 946 3712 ubi
968 3668 1025 3730 por
1046 3648 1191 3714 inimicos
1215 3649 1348 3728 licebat,

245 3786 360 3866 ingens
390 3772 459 3836 erat
489 3765 629 3844 laetitia,
661 3765 777 3830 Leidae
807 3767 970 3851 inprimis,
1004 3771 1036 3832 ot
1064 3769 1164 3836 animi
1186 3771 1283 3856 vulgo
1309 3775 1350 3836 ad

247 3899 388 3971 studium
417 3887 622 3957 excutiendae
655 3887 834 3970 tyrannidis
857 3887 1071 3972 erigebantur.
1119 3890 1189 3958 Iam
1211 3892 1293 3963 nihil
1315 3897 1350 3960 in

248 4029 333 4092 bona
365 4035 458 4082 causa
487 4009 727 4093 desperandum.
773 4006 884 4073 Fortes
912 4011 945 4073 et
976 4010 1045 4096 pios
1075 4015 1226 4082 mortales
1247 4015 1351 4084 Deum

251 4151 355 4234 ipsum
378 4136 541 4208 adiuvare,
566 4131 654 4195 cuius
679 4129 832 4194 auxilium
856 4152 1004 4214 praesens
1028 4132 1063 4197 in
1082 4136 1276 4220 gravissimis
1295 4160 1351 4222 pe-

253 4263 358 4334 riculis
380 4251 569 4340 apparuerit.
603 4249 680 4316 Non
703 4248 786 4314 fame
810 4269 876 4313 nou
899 4255 1002 4334 peste,
1031 4276 1112 4338 quae
1134 4254 1248 4321 ultima
1266 4259 1351 4325 mala

255 4377 408 4453 obsidioni
437 4374 649 4449 accesserant,
681 4370 799 4436 fractos
831 4371 948 4436 civium
977 4374 1119 4453 animos,
1152 4376 1230 4459 quin
1256 4398 1352 4463 aegra

254 4523 382 4590 corpora
403 4499 438 4561 in
461 4492 709 4579 propugnaculis
734 4493 884 4558 steterint
907 4493 1076 4578 intrepida.
1115 4494 1220 4570 Quum
1243 4519 1352 4566 omncs
