3338 5302
386 535 406 594 8
879 542 988 590 omno

428 729 503 794 Fuit
532 730 683 793 nimirum
712 729 775 792 ista
798 732 941 794 veterum
964 728 1155 813 scriptorum
1179 727 1364 806 calamitas,
1389 729 1484 792 utin

382 872 493 918 avaras
522 850 689 915 hominum
718 851 901 934 ineptorum
931 870 1045 914 manus
1070 848 1260 927 inciderint,
1284 849 1340 933 qui
1365 849 1481 914 descri-

382 973 493 1035 bendis
515 969 605 1038 MSS.
626 991 778 1056 magnam
796 993 889 1056 saepe
907 971 1076 1055 pecuniam
1095 969 1266 1047 facientes,
1280 973 1318 1034 ut
1329 969 1480 1036 maiorem

380 1091 538 1170 facerent,
571 1093 628 1156 uni
657 1092 813 1156 celeritati
837 1094 929 1157 crant
951 1092 1086 1171 intenti,
1113 1091 1201 1156 nulla
1225 1094 1384 1156 caeterum
1406 1091 1479 1156 dili·

380 1212 489 1295 gentis
519 1234 578 1278 nec
601 1214 708 1278 studio
731 1214 789 1279 usi.
836 1213 952 1279 Adhuc
975 1216 1084 1277 tamen
1106 1234 1216 1278 eorum
1238 1212 1385 1277 fortunas
1409 1212 1478 1275 lau·

378 1335 541 1411 daremus,
565 1334 593 1397 si
616 1354 652 1397 eo
675 1333 738 1398 ista
760 1333 922 1401 barbaries
941 1333 1145 1400 constitisset.
1176 1332 1280 1410 Nam,
1302 1335 1339 1396 ut
1359 1354 1478 1398 errores

377 1453 418 1516 ab
440 1454 657 1538 imprudentia
680 1455 843 1533 omittam,
867 1455 988 1533 multa,
1009 1456 1047 1519 ut
1066 1476 1175 1539 sapere
1195 1453 1477 1540 sibividebantur,

377 1575 539 1654 delerant,
563 1576 764 1654 adiecerunt,
788 1579 965 1641 mutarunt.
1012 1575 1107 1640 Unde
1129 1572 1250 1639 factum
1273 1577 1377 1640 estut
1396 1574 1477 1642 alins

376 1695 438 1760 alio
461 1698 504 1762 sit
526 1699 629 1782 magis
652 1700 820 1782 corruptus
843 1699 877 1761 et
899 1697 1097 1781 inquinatus.

418 1816 504 1897 Hos,
536 1819 592 1903 qui
614 1819 650 1883 in
671 1822 740 1884 arte
760 1818 871 1883 critica
894 1818 1036 1906 studium
1058 1820 1186 1902 ponunt
1209 1819 1242 1882 et
1263 1817 1474 1896 industriam,

373 1941 431 2000 aut
456 1936 546 2004 MSS.
572 1939 708 2018 auxilio,
732 1941 790 2003 aut
812 1937 887 2003 solis
906 1937 1029 2022 ingenii
1049 1937 1239 2004 coniecturis
1258 1941 1474 2002 correxerunt.

373 2056 450 2132 Quis
473 2081 548 2124 vero
571 2082 610 2125 ex
631 2059 988 2145 ingentimultitudine
1008 2081 1109 2124 unum
1128 2057 1208 2124 mihi
1228 2061 1283 2123 det
1293 2062 1474 2138 auctorem,

372 2199 467 2261 quem
498 2180 629 2245 omnino
660 2183 746 2246 recte
770 2181 973 2245 emendatum
996 2178 1108 2244 dicat?
1133 2216 1174 2226 -
1199 2177 1270 2244 lmo
1294 2179 1391 2244 altius
1413 2180 1474 2244 hoe

372 2299 537 2364 barbariae
560 2301 664 2365 colore
686 2301 798 2366 infecti
820 2304 913 2379 sunt,
938 2322 1035 2386 quam
1058 2303 1095 2364 ut
1119 2322 1138 2363 a
1160 2319 1278 2384 magno
1301 2301 1379 2366 satis
1401 2323 1473 2366 eru·

370 2421 511 2485 ditoru'm
541 2439 673 2486 numero
708 2421 772 2485 elui
801 2442 931 2505 prorsus
963 2421 1098 2506 possint.
1133 2459 1173 2468 -—
1204 2419 1281 2499 His,
1313 2422 1341 2485 si
1371 2444 1409 2488 ea
1432 2426 1473 2488 ad

369 2541 616 2626 Xenophontem
646 2541 836 2620 referamus,
869 2540 950 2606 illud
980 2541 1077 2606 etiam
1107 2540 1247 2620 accedit,
1279 2544 1365 2626 quod
1388 2567 1471 2609 unus

368 2665 495 2727 tantum
529 2666 674 2747 repertus
704 2665 748 2728 sit
778 2666 894 2741 codex,
926 2684 965 2726 ex
994 2683 1057 2747 quo
1088 2661 1197 2728 fabula
1228 2664 1386 2748 descripta
1410 2670 1467 2730 est.

367 2782 458 2858 Quod
480 2784 508 2848 si
530 2784 591 2848 hoc
612 2784 719 2869 plures
742 2787 920 2863 exstarent,
944 2783 1050 2848 variae
1073 2785 1141 2848 sinc
1164 2784 1262 2848 dubio
1284 2789 1390 2850 essent
1419 2786 1464 2850 le-

365 2902 504 2984 ctiones,
528 2908 613 2971 unde
631 2927 724 2991 saepe
747 2905 885 2990 aliquid,
909 2909 996 2990 quod
1019 2906 1161 2992 placeat,
1186 2906 1311 2974 efficias.
1358 2904 1465 2982 Quid?

365 3027 451 3107 quod
471 3025 663 3112 Xenophon
684 3048 745 3112 pro
766 3031 926 3111 tempore,
951 3047 1015 3111 quo
1037 3027 1159 3113 publici
1180 3029 1258 3094 iuris
1280 3027 1361 3107 tut,
1385 3029 1463 3094 satis

365 3147 494 3230 quidem
523 3148 659 3228 multos,
691 3170 750 3234 pro
780 3148 937 3214 suavitate
960 3151 1068 3214 autem
1092 3153 1125 3215 et
1146 3149 1324 3234 elegantia,
1349 3170 1466 3234 paucos

364 3269 477 3332 nactis
499 3266 596 3332 fuerit
618 3268 818 3353 interpretes.

406 3387 485 3468 His,
508 3410 701 3474 quamquam
724 3392 852 3456 strenue
875 3412 925 3456 res
948 3394 1038 3476 gesta
1060 3392 1120 3470 sit,
1145 3391 1252 3457 omnia
1270 3394 1381 3458 tamen
1398 3415 1465 3458 non

360 3510 537 3591 potuerunt
565 3509 692 3594 perlici,
723 3512 779 3575 sed
802 3510 951 3576 nonnihil
974 3512 1096 3578 alienae
1118 3513 1293 3578 industriae
1316 3512 1463 3579 relictum

361 3632 419 3694 est.
466 3628 557 3705 Quod
591 3631 653 3695 nisi
682 3630 763 3696 istae
789 3634 894 3696 essent
917 3653 1048 3714 causae,
1073 3655 1154 3718 quae
1177 3636 1281 3699 denuo
1305 3635 1462 3700 edendum

359 3749 606 3835 Xenophontem
639 3753 826 3837 suaderent,
858 3753 909 3817 vel
939 3753 1017 3819 haec
1046 3753 1188 3820 sufficere
1218 3755 1321 3840 possit
1343 3756 1460 3836 videri,

359 3873 445 3955 quod
471 3871 607 3956 insignis
631 3873 846 3959 exemplorum
870 3876 919 3939 est
941 3875 1086 3960 paucitas
1109 3877 1142 3940 et
1165 3877 1289 3942 ceritas.
1337 3877 1460 3953 Quotus

358 3991 444 4057 enim
473 3992 607 4078 quisque
636 4015 746 4060 eorum
774 3995 955 4073 invenitur,
984 3995 1039 4080 qui
1068 3995 1177 4061 literas
1200 3996 1336 4064 Graecas
1360 3999 1459 4066 animi

356 4133 450 4178 causa
482 4114 643 4180 interdum
673 4115 856 4182 recolendas
879 4115 941 4180 sibi
965 4118 1114 4194 sumunt,
1139 4118 1195 4202 qui
1216 4119 1264 4184 ita
1285 4124 1362 4185 sunt
1385 4120 1457 4184 feli-

355 4255 422 4315 ces,
444 4238 481 4302 nt
503 4234 751 4322 Xenophontem
772 4235 938 4302 habeant?
962 4271 1002 4283 ——
1028 4234 1127 4322 Saepe
1150 4239 1246 4304 etiam
1268 4239 1349 4306 illud
1371 4243 1457 4326 apud

353 4355 496 4421 animum
515 4357 672 4441 cogitaui,
692 4355 940 4442 Xenophontem
951 4356 1073 4441 patriae
1084 4361 1211 4426 nostrae
1222 4360 1333 4426 lumen
1343 4360 1457 4426 debere

353 4476 386 4537 et
408 4467 625 4559 splendorem,
649 4497 687 4540 ex
710 4497 774 4560 quo
797 4475 852 4542 alii
874 4497 967 4542 snum
989 4479 1214 4560 accendentes,
1239 4480 1361 4550 civibus
1381 4503 1453 4550 eum
