3338 5302
653 1385 882 1473 ORATIO

749 1617 783 1652 DE

391 1767 393 1770 ’
475 1791 805 1867 1110110111
831 1791 1052 1884 arausic,
1184 1844 1187 1850 .

219 2011 344 2061 HABITA
359 2013 403 2060 AD
418 2005 665 2062 ommBRANDAM
680 2013 854 2064 PUBLICAM
864 2013 1067 2063 lavaurums
1076 2013 1319 2064 soHomsrloAn

286 2110 324 2158 IN
342 2110 518 2159 GYMNASIO
537 2111 755 2160 Doocuunusl
773 2111 1029 2161 PRoMomonl
1047 2113 1075 2161 A.
1094 2110 1252 2161 Moooovr.

263 2478 322 2543 Est
344 2481 500 2564 quaedam
523 2478 558 2541 in
589 2477 696 2554 nobis,
728 2479 765 2540 ut
795 2478 842 2542 ita
873 2478 996 2556 dicam,
1021 2477 1195 2562 cupiditas,
1224 2501 1321 2563 quam

219 2601 259 2664 ab
292 2599 363 2685 ipsa
396 2599 522 2664 Natura
551 2598 714 2663 hausimus
746 2602 779 2662 et
810 2599 1020 2684 arripuimus,
1052 2622 1116 2684 qua
1147 2599 1322 2685 cupiditate

219 2720 377 2784 trahimur
412 2723 452 2784 ad
483 2720 751 2785 existimationem
782 2721 980 2805 puellarum,
1012 2743 1091 2805 ques
1121 2721 1172 2786 vel
1201 2723 1322 2806 insigni

218 2841 321 2905 forma
359 2841 410 2905 vel
445 2841 580 2926 egregiis
616 2841 715 2905 animi
751 2841 946 2906 ornamentis
981 2841 1133 2908 excellere
1167 2843 1320 2907 videmus.

218 2961 289 3028 Hac
324 2963 558 3027 existimatione
593 2963 733 3046 primum
767 2963 896 3046 quidem
928 2984 1054 3041 omnes,
1086 2965 1123 3027 ut
1152 2965 1320 3043 debemus,

219 3079 458 3169 prosequimur,
490 3083 603 3147 deinde
634 3104 708 3148 vero
740 3104 778 3146 ex
805 3083 932 3167 ingenti
955 3083 1162 3148 multitudine
1184 3086 1231 3149 ita
1254 3107 1321 3150 rem

221 3204 439 3270 contrahimus
462 3207 494 3268 et
517 3205 703 3269 adducimus
724 3205 760 3267 in
783 3206 975 3290 angrutum,
1001 3208 1038 3268 ut
1060 3227 1188 3269 omnem
1211 3207 1321 3271 existi·

220 3327 412 3402 mationem,
444 3328 493 3400 et,
525 3346 606 3409 quae
628 3324 704 3389 hinc
729 3325 893 3401 oriuntur,
919 3347 1059 3390 amorem
1083 3329 1116 3390 et
1137 3327 1321 3408 caritatem,

221 3448 255 3511 in
279 3469 376 3511 unam
401 3445 617 3523 conferamus,
639 3449 835 3530 eandemque
856 3444 997 3530 reliquae
1020 3447 1105 3511 vitae
1124 3451 1251 3514 nostrae
1270 3473 1322 3515 so·

221 3568 303 3632 ciam
334 3567 497 3652 eligamus.
545 3565 676 3630 Habent
703 3565 781 3630 haec
804 3568 950 3650 tempora
972 3587 1106 3651 magnas
1130 3589 1223 3652 saepe
1246 3592 1323 3635 con-

222 3689 400 3764 tentiones,
432 3687 611 3765 molestias,
644 3687 895 3764 vicissitudines,
918 3687 996 3752 haec
1017 3688 1168 3753 iuvenum
1192 3690 1323 3755 allectus

223 3811 426 3876 commovent
445 3811 477 3872 et
496 3811 661 3887 exercent,
674 3808 753 3874 haec
764 3831 869 3894 spem,
883 3811 1022 3887 metum,
1037 3811 1323 3895 exspectationem

222 3931 301 3996 haec
323 3931 405 3995 iram
424 3929 533 3994 odium
553 3932 585 3992 et
596 3928 842 3993 aemulationem
861 3929 1021 4006 excitant3
1032 3928 1111 3995 haee
1122 3931 1260 4017 denique
1271 3951 1324 3998 eos

223 4075 313 4117 casus
349 4051 505 4127 afferunt,
536 4051 593 4134 qui
622 4051 657 4113 in
689 4051 855 4114 scribendo
886 4052 1094 4135 suppeditant
1119 4053 1324 4133 varietatem,

223 4173 352 4258 plenam
377 4173 553 4258 voluptatis
576 4171 758 4248 cuiusdam,
783 4194 847 4256 qua
870 4172 1012 4257 legentes
1036 4174 1114 4238 mire
1137 4173 1301 4239 afficimur.

268 4293 359 4358 Talia
390 4294 491 4379 igitur
514 4293 633 4378 scripta
656 4306 728 4357 cum
752 4293 879 4377 ingenti
904 4293 1057 4357 aviditate
1081 4294 1170 4378 quasi
1194 4297 1326 4360 devora-

223 4419 353 4491 rentur,
377 4415 530 4500 plurimos
554 4414 699 4498 singulae
721 4413 867 4498 regiones
890 4413 1074 4480 extulerunt
1096 4417 1256 4494 auctores,
1270 4417 1324 4500 qui

223 4541 264 4601 ad
286 4537 364 4601 haec
385 4536 537 4620 fingenda
559 4535 700 4599 animum
725 4533 927 4618 appulerunt.
