<?xml version="1.0" encoding="UTF-8"?>
<!DOCTYPE html PUBLIC "-//W3C//DTD XHTML 1.0 Transitional//EN"
    "http://www.w3.org/TR/xhtml1/DTD/xhtml1-transitional.dtd">
<html xmlns="http://www.w3.org/1999/xhtml" xml:lang="en" lang="en">
 <head>
  <title>
</title>
<meta http-equiv="Content-Type" content="text/html;charset=utf-8" />
  <meta name='ocr-system' content='tesseract 3.04.00' />
  <meta name='ocr-capabilities' content='ocr_page ocr_carea ocr_par ocr_line ocrx_word'/>
</head>
<body>
  <div class='ocr_page' id='page_1' title='image "./opusculaoratori00peergoog/opusculaoratori00peergoog_0051.png"; bbox 0 0 3338 5302; ppageno 0'>
   <div class='ocr_carea' id='block_1_1' title="bbox 357 567 966 632">
    <p class='ocr_par' dir='ltr' id='par_1_1' title="bbox 357 567 966 632">
     <span class='ocr_line' id='line_1_1' title="bbox 357 567 966 632; baseline -0.008 4"><span class='ocrx_word' id='word_1_1' title='bbox 357 567 398 627; x_wconf 83' lang='grc'>30</span> <span class='ocrx_word' id='word_1_2' title='bbox 853 583 966 632; x_wconf 64' lang='lat' dir='ltr'>mimo</span> 
     </span>
    </p>
   </div>
   <div class='ocr_carea' id='block_1_2' title="bbox 308 767 1488 4363">
    <p class='ocr_par' dir='ltr' id='par_1_2' title="bbox 359 767 1466 966">
     <span class='ocr_line' id='line_1_2' title="bbox 359 767 1466 854; baseline -0.002 -22"><span class='ocrx_word' id='word_1_3' title='bbox 359 769 446 833; x_wconf 78' lang='lat' dir='ltr'>ultra</span> <span class='ocrx_word' id='word_1_4' title='bbox 474 767 554 833; x_wconf 81' lang='lat' dir='ltr'>finos</span> <span class='ocrx_word' id='word_1_5' title='bbox 583 767 765 854; x_wconf 69' lang='lat' dir='ltr'>provinciae</span> <span class='ocrx_word' id='word_1_6' title='bbox 794 772 869 834; x_wconf 79' lang='lat' dir='ltr'>tuac</span> <span class='ocrx_word' id='word_1_7' title='bbox 899 768 1057 854; x_wconf 74' lang='lat' dir='ltr'>proferret</span> <span class='ocrx_word' id='word_1_8' title='bbox 1104 767 1181 834; x_wconf 82' lang='lat' dir='ltr'>Non</span> <span class='ocrx_word' id='word_1_9' title='bbox 1206 767 1367 853; x_wconf 71' lang='lat' dir='ltr'>patimur,</span> <span class='ocrx_word' id='word_1_10' title='bbox 1396 777 1466 830; x_wconf 73' lang='lat' dir='ltr'>nce</span> 
     </span>
     <span class='ocr_line' id='line_1_3' title="bbox 360 888 1087 966; baseline 0.001 -14"><span class='ocrx_word' id='word_1_11' title='bbox 360 888 501 953; x_wconf 81' lang='lat' dir='ltr'>ferimus.</span> <span class='ocrx_word' id='word_1_12' title='bbox 547 889 645 954; x_wconf 87' lang='lat' dir='ltr'>Porro</span> <span class='ocrx_word' id='word_1_13' title='bbox 668 889 825 966; x_wconf 81' lang='lat' dir='ltr'>Quirites!</span> <span class='ocrx_word' id='word_1_14' title='bbox 849 890 897 954; x_wconf 80' lang='lat' dir='ltr'>vis</span> <span class='ocrx_word' id='word_1_15' title='bbox 920 889 998 954; x_wconf 88' lang='lat' dir='ltr'>hacc</span> <span class='ocrx_word' id='word_1_16' title='bbox 1019 891 1087 954; x_wconf 84' lang='lat' dir='ltr'>est!</span> 
     </span>
    </p>

    <p class='ocr_par' dir='ltr' id='par_1_3' title="bbox 362 1005 1473 2302">
     <span class='ocr_line' id='line_1_4' title="bbox 407 1005 1467 1095; baseline 0.001 -22"><span class='ocrx_word' id='word_1_17' title='bbox 407 1008 572 1093; x_wconf 83' lang='lat' dir='ltr'>Aequum,</span> <span class='ocrx_word' id='word_1_18' title='bbox 603 1013 641 1072; x_wconf 89' lang='lat' dir='ltr'>ut</span> <span class='ocrx_word' id='word_1_19' title='bbox 660 1010 795 1094; x_wconf 83' lang='lat' dir='ltr'>opinor,</span> <span class='ocrx_word' id='word_1_20' title='bbox 818 1009 986 1094; x_wconf 86' lang='lat' dir='ltr'>postulant</span> <span class='ocrx_word' id='word_1_21' title='bbox 1005 1008 1187 1095; x_wconf 70' lang='lat' dir='ltr'>gravissimi</span> <span class='ocrx_word' id='word_1_22' title='bbox 1209 1011 1325 1094; x_wconf 82' lang='lat' dir='ltr'>patres.</span> <span class='ocrx_word' id='word_1_23' title='bbox 1368 1005 1467 1074; x_wconf 71' lang='lat' dir='ltr'>cras-</span> 
     </span>
     <span class='ocr_line' id='line_1_5' title="bbox 363 1129 1468 1221; baseline 0 -27"><span class='ocrx_word' id='word_1_24' title='bbox 363 1152 416 1194; x_wconf 81' lang='lat' dir='ltr'>sns</span> <span class='ocrx_word' id='word_1_25' title='bbox 447 1131 575 1214; x_wconf 85' lang='lat' dir='ltr'>quidem</span> <span class='ocrx_word' id='word_1_26' title='bbox 607 1131 692 1215; x_wconf 85' lang='lat' dir='ltr'>apud</span> <span class='ocrx_word' id='word_1_27' title='bbox 724 1129 908 1221; x_wconf 78' lang='lat' dir='ltr'>Ciceronem</span> <span class='ocrx_word' id='word_1_28' title='bbox 939 1131 1068 1216; x_wconf 73' lang='lat' dir='ltr'>putarit</span> <span class='ocrx_word' id='word_1_29' title='bbox 1096 1151 1130 1195; x_wconf 89' lang='lat' dir='ltr'>se</span> <span class='ocrx_word' id='word_1_30' title='bbox 1152 1131 1292 1195; x_wconf 82' lang='lat' dir='ltr'>indicare</span> <span class='ocrx_word' id='word_1_31' title='bbox 1314 1145 1406 1214; x_wconf 83' lang='lat' dir='ltr'>posse</span> <span class='ocrx_word' id='word_1_32' title='bbox 1427 1129 1468 1193; x_wconf 81' lang='lat' dir='ltr'>de</span> 
     </span>
     <span class='ocr_line' id='line_1_6' title="bbox 362 1250 1470 1335; baseline 0.001 -21"><span class='ocrx_word' id='word_1_33' title='bbox 362 1251 535 1327; x_wconf 88' lang='lat' dir='ltr'>histrione,</span> <span class='ocrx_word' id='word_1_34' title='bbox 567 1251 672 1335; x_wconf 91' lang='lat' dir='ltr'>ipsum</span> <span class='ocrx_word' id='word_1_35' title='bbox 701 1272 769 1315; x_wconf 88' lang='lat' dir='ltr'>non</span> <span class='ocrx_word' id='word_1_36' title='bbox 795 1251 1002 1329; x_wconf 79' lang='lat' dir='ltr'>histrionem,</span> <span class='ocrx_word' id='word_1_37' title='bbox 1032 1251 1088 1316; x_wconf 90' lang='lat' dir='ltr'>sed</span> <span class='ocrx_word' id='word_1_38' title='bbox 1121 1252 1217 1316; x_wconf 86' lang='lat' dir='ltr'>alieni</span> <span class='ocrx_word' id='word_1_39' title='bbox 1247 1250 1376 1316; x_wconf 82' lang='lat' dir='ltr'>artificii</span> <span class='ocrx_word' id='word_1_40' title='bbox 1403 1265 1470 1315; x_wconf 83' lang='lat' dir='ltr'>nan</span> 
     </span>
     <span class='ocr_line' id='line_1_7' title="bbox 364 1372 1469 1457; baseline -0.002 -21"><span class='ocrx_word' id='word_1_41' title='bbox 364 1373 500 1437; x_wconf 86' lang='lat' dir='ltr'>stultum</span> <span class='ocrx_word' id='word_1_42' title='bbox 530 1372 789 1437; x_wconf 85' lang='lat' dir='ltr'>existimatorem.</span> <span class='ocrx_word' id='word_1_43' title='bbox 837 1372 933 1437; x_wconf 85' lang='lat' dir='ltr'>Multi</span> <span class='ocrx_word' id='word_1_44' title='bbox 964 1374 1061 1438; x_wconf 86' lang='lat' dir='ltr'>etiam</span> <span class='ocrx_word' id='word_1_45' title='bbox 1090 1373 1141 1437; x_wconf 86' lang='lat' dir='ltr'>his</span> <span class='ocrx_word' id='word_1_46' title='bbox 1171 1373 1369 1457; x_wconf 82' lang='lat' dir='ltr'>temporibus</span> <span class='ocrx_word' id='word_1_47' title='bbox 1396 1393 1469 1436; x_wconf 88' lang='lat' dir='ltr'>sen-</span> 
     </span>
     <span class='ocr_line' id='line_1_8' title="bbox 365 1492 1471 1578; baseline -0.003 -19"><span class='ocrx_word' id='word_1_48' title='bbox 365 1494 501 1559; x_wconf 81' lang='lat' dir='ltr'>tentiam</span> <span class='ocrx_word' id='word_1_49' title='bbox 523 1493 563 1557; x_wconf 85' lang='lat' dir='ltr'>de</span> <span class='ocrx_word' id='word_1_50' title='bbox 585 1493 687 1556; x_wconf 80' lang='lat' dir='ltr'>literis</span> <span class='ocrx_word' id='word_1_51' title='bbox 710 1492 836 1572; x_wconf 88' lang='lat' dir='ltr'>ferunt,</span> <span class='ocrx_word' id='word_1_52' title='bbox 859 1515 940 1578; x_wconf 83' lang='lat' dir='ltr'>quas</span> <span class='ocrx_word' id='word_1_53' title='bbox 962 1494 1115 1558; x_wconf 80' lang='lat' dir='ltr'>honestae</span> <span class='ocrx_word' id='word_1_54' title='bbox 1131 1496 1261 1558; x_wconf 80' lang='lat' dir='ltr'>tantum</span> <span class='ocrx_word' id='word_1_55' title='bbox 1278 1492 1471 1558; x_wconf 75' lang='lat' dir='ltr'><strong>remissionis</strong></span> 
     </span>
     <span class='ocr_line' id='line_1_9' title="bbox 367 1613 1471 1698; baseline -0.002 -20"><span class='ocrx_word' id='word_1_56' title='bbox 367 1617 423 1678; x_wconf 88' lang='lat' dir='ltr'>aut</span> <span class='ocrx_word' id='word_1_57' title='bbox 453 1613 651 1678; x_wconf 85' lang='lat' dir='ltr'>necessitatis</span> <span class='ocrx_word' id='word_1_58' title='bbox 670 1631 768 1678; x_wconf 85' lang='lat' dir='ltr'>causa</span> <span class='ocrx_word' id='word_1_59' title='bbox 788 1613 966 1698; x_wconf 82' lang='lat' dir='ltr'>attingant.</span> <span class='ocrx_word' id='word_1_60' title='bbox 1014 1614 1099 1680; x_wconf 88' lang='lat' dir='ltr'>Nolo</span> <span class='ocrx_word' id='word_1_61' title='bbox 1121 1618 1231 1678; x_wconf 84' lang='lat' dir='ltr'>tamen</span> <span class='ocrx_word' id='word_1_62' title='bbox 1252 1633 1398 1698; x_wconf 83' lang='lat' dir='ltr'>pugnare</span> <span class='ocrx_word' id='word_1_63' title='bbox 1421 1613 1471 1676; x_wconf 78' lang='lat' dir='ltr'>his</span> 
     </span>
     <span class='ocr_line' id='line_1_10' title="bbox 367 1733 1471 1820; baseline -0.003 -21"><span class='ocrx_word' id='word_1_64' title='bbox 367 1734 477 1813; x_wconf 88' lang='lat' dir='ltr'>armis,</span> <span class='ocrx_word' id='word_1_65' title='bbox 500 1737 535 1798; x_wconf 87' lang='lat' dir='ltr'>et</span> <span class='ocrx_word' id='word_1_66' title='bbox 557 1755 594 1798; x_wconf 88' lang='lat' dir='ltr'>ca</span> <span class='ocrx_word' id='word_1_67' title='bbox 616 1733 687 1820; x_wconf 82' lang='lat' dir='ltr'>lege</span> <span class='ocrx_word' id='word_1_68' title='bbox 709 1756 823 1819; x_wconf 84' lang='lat' dir='ltr'>pareo,</span> <span class='ocrx_word' id='word_1_69' title='bbox 847 1738 885 1800; x_wconf 85' lang='lat' dir='ltr'>ut</span> <span class='ocrx_word' id='word_1_70' title='bbox 907 1735 1190 1820; x_wconf 75' lang='lat' dir='ltr'>mihiignoscant‚</span> <span class='ocrx_word' id='word_1_71' title='bbox 1210 1737 1295 1820; x_wconf 83' lang='lat' dir='ltr'>qnod</span> <span class='ocrx_word' id='word_1_72' title='bbox 1314 1733 1471 1818; x_wconf 90' lang='lat' dir='ltr'>deprimo</span> 
     </span>
     <span class='ocr_line' id='line_1_11' title="bbox 367 1854 1472 1941; baseline -0.004 -20"><span class='ocrx_word' id='word_1_73' title='bbox 367 1855 500 1940; x_wconf 81' lang='lat' dir='ltr'>Borgeri</span> <span class='ocrx_word' id='word_1_74' title='bbox 537 1855 655 1940; x_wconf 87' lang='lat' dir='ltr'>scripto</span> <span class='ocrx_word' id='word_1_75' title='bbox 691 1855 841 1940; x_wconf 81' lang='lat' dir='ltr'>theologo</span> <span class='ocrx_word' id='word_1_76' title='bbox 873 1857 937 1920; x_wconf 85' lang='lat' dir='ltr'>iam</span> <span class='ocrx_word' id='word_1_77' title='bbox 965 1856 1249 1941; x_wconf 81' lang='lat' dir='ltr'>pronuntiaverim.</span> <span class='ocrx_word' id='word_1_78' title='bbox 1295 1854 1472 1920; x_wconf 78' lang='lat' dir='ltr'>Audiamus</span> 
     </span>
     <span class='ocr_line' id='line_1_12' title="bbox 368 1973 1473 2062; baseline -0.001 -21"><span class='ocrx_word' id='word_1_79' title='bbox 368 1976 522 2054; x_wconf 87' lang='lat' dir='ltr'>iudicem,</span> <span class='ocrx_word' id='word_1_80' title='bbox 553 1997 648 2061; x_wconf 85' lang='lat' dir='ltr'>quem</span> <span class='ocrx_word' id='word_1_81' title='bbox 678 1997 772 2042; x_wconf 84' lang='lat' dir='ltr'>nemo</span> <span class='ocrx_word' id='word_1_82' title='bbox 795 1978 969 2055; x_wconf 75' lang='lat' dir='ltr'>recusabit,</span> <span class='ocrx_word' id='word_1_83' title='bbox 992 1977 1166 2055; x_wconf 68' lang='lat' dir='ltr'>Palmum,</span> <span class='ocrx_word' id='word_1_84' title='bbox 1189 1978 1364 2062; x_wconf 79' lang='lat' dir='ltr'>demusque</span> <span class='ocrx_word' id='word_1_85' title='bbox 1387 1973 1473 2040; x_wconf 86' lang='lat' dir='ltr'>anti·</span> 
     </span>
     <span class='ocr_line' id='line_1_13' title="bbox 368 2097 1473 2183; baseline -0.002 -21"><span class='ocrx_word' id='word_1_86' title='bbox 368 2119 466 2182; x_wconf 86' lang='lat' dir='ltr'>quam</span> <span class='ocrx_word' id='word_1_87' title='bbox 488 2097 572 2162; x_wconf 85' lang='lat' dir='ltr'>hanc</span> <span class='ocrx_word' id='word_1_88' title='bbox 594 2097 788 2182; x_wconf 80' lang='lat' dir='ltr'>Theolcgiae</span> <span class='ocrx_word' id='word_1_89' title='bbox 810 2099 1083 2183; x_wconf 71' lang='lat' dir='ltr'>praerogativam,</span> <span class='ocrx_word' id='word_1_90' title='bbox 1099 2100 1139 2161; x_wconf 89' lang='lat' dir='ltr'>nt</span> <span class='ocrx_word' id='word_1_91' title='bbox 1153 2097 1197 2161; x_wconf 76' lang='lat' dir='ltr'>at</span> <span class='ocrx_word' id='word_1_92' title='bbox 1214 2119 1251 2162; x_wconf 87' lang='lat' dir='ltr'>ea</span> <span class='ocrx_word' id='word_1_93' title='bbox 1267 2097 1473 2182; x_wconf 83' lang='lat' dir='ltr'>incipiamus,</span> 
     </span>
     <span class='ocr_line' id='line_1_14' title="bbox 372 2218 918 2302; baseline 0 -20"><span class='ocrx_word' id='word_1_94' title='bbox 372 2218 467 2283; x_wconf 88' lang='lat' dir='ltr'>sicuti</span> <span class='ocrx_word' id='word_1_95' title='bbox 489 2221 610 2282; x_wconf 76' lang='lat' dir='ltr'>veteres</span> <span class='ocrx_word' id='word_1_96' title='bbox 633 2222 747 2302; x_wconf 85' lang='lat' dir='ltr'>poetae</span> <span class='ocrx_word' id='word_1_97' title='bbox 769 2219 809 2283; x_wconf 90' lang='lat' dir='ltr'>ab</span> <span class='ocrx_word' id='word_1_98' title='bbox 832 2219 918 2284; x_wconf 85' lang='lat' dir='ltr'>Iove.</span> 
     </span>
    </p>

    <p class='ocr_par' dir='ltr' id='par_1_4' title="bbox 308 2335 1483 3513">
     <span class='ocr_line' id='line_1_15' title="bbox 417 2335 1474 2427; baseline -0.001 -24"><span class='ocrx_word' id='word_1_99' title='bbox 417 2336 526 2424; x_wconf 81' lang='lat' dir='ltr'>Atque</span> <span class='ocrx_word' id='word_1_100' title='bbox 568 2338 614 2402; x_wconf 82' lang='lat' dir='ltr'>ita</span> <span class='ocrx_word' id='word_1_101' title='bbox 648 2340 787 2404; x_wconf 83' lang='lat' dir='ltr'>redimus</span> <span class='ocrx_word' id='word_1_102' title='bbox 821 2339 862 2404; x_wconf 91' lang='lat' dir='ltr'>ad</span> <span class='ocrx_word' id='word_1_103' title='bbox 896 2341 1074 2427; x_wconf 74' lang='lat' dir='ltr'>Epistoiam</span> <span class='ocrx_word' id='word_1_104' title='bbox 1110 2339 1209 2404; x_wconf 83' lang='lat' dir='ltr'>Pcali</span> <span class='ocrx_word' id='word_1_105' title='bbox 1241 2342 1284 2404; x_wconf 84' lang='lat' dir='ltr'>ad</span> <span class='ocrx_word' id='word_1_106' title='bbox 1320 2335 1474 2416; x_wconf 74' lang='lat' dir='ltr'>Galatas,</span> 
     </span>
     <span class='ocr_line' id='line_1_16' title="bbox 374 2457 1475 2546; baseline -0.002 -20"><span class='ocrx_word' id='word_1_107' title='bbox 374 2481 470 2546; x_wconf 87' lang='lat' dir='ltr'>quam</span> <span class='ocrx_word' id='word_1_108' title='bbox 500 2460 659 2546; x_wconf 81' lang='lat' dir='ltr'>Borgerus</span> <span class='ocrx_word' id='word_1_109' title='bbox 690 2483 727 2525; x_wconf 86' lang='lat' dir='ltr'>ea</span> <span class='ocrx_word' id='word_1_110' title='bbox 754 2460 879 2525; x_wconf 87' lang='lat' dir='ltr'>ratione</span> <span class='ocrx_word' id='word_1_111' title='bbox 907 2461 1076 2538; x_wconf 80' lang='lat' dir='ltr'>tractavit,</span> <span class='ocrx_word' id='word_1_112' title='bbox 1102 2479 1187 2545; x_wconf 80' lang='lat' dir='ltr'>qnae</span> <span class='ocrx_word' id='word_1_113' title='bbox 1209 2457 1347 2524; x_wconf 80' lang='lat' dir='ltr'>maximo</span> <span class='ocrx_word' id='word_1_114' title='bbox 1369 2457 1475 2524; x_wconf 76' lang='lat' dir='ltr'>Thec-</span> 
     </span>
     <span class='ocr_line' id='line_1_17' title="bbox 374 2581 1476 2668; baseline 0.001 -23"><span class='ocrx_word' id='word_1_115' title='bbox 374 2581 448 2666; x_wconf 85' lang='lat' dir='ltr'>logo</span> <span class='ocrx_word' id='word_1_116' title='bbox 482 2603 705 2668; x_wconf 83' lang='lat' dir='ltr'>sacrarumque</span> <span class='ocrx_word' id='word_1_117' title='bbox 735 2583 900 2648; x_wconf 87' lang='lat' dir='ltr'>literarum</span> <span class='ocrx_word' id='word_1_118' title='bbox 928 2583 1115 2668; x_wconf 71' lang='lat' dir='ltr'>interpreti,</span> <span class='ocrx_word' id='word_1_119' title='bbox 1144 2584 1315 2667; x_wconf 72' lang='lat' dir='ltr'>provectae</span> <span class='ocrx_word' id='word_1_120' title='bbox 1343 2581 1476 2658; x_wconf 74' lang='lat' dir='ltr'>aetatis,</span> 
     </span>
     <span class='ocr_line' id='line_1_18' title="bbox 374 2702 1479 2790; baseline 0 -22"><span class='ocrx_word' id='word_1_121' title='bbox 374 2703 486 2768; x_wconf 86' lang='lat' dir='ltr'>fuisset</span> <span class='ocrx_word' id='word_1_122' title='bbox 507 2705 604 2769; x_wconf 90' lang='lat' dir='ltr'>laudi.</span> <span class='ocrx_word' id='word_1_123' title='bbox 653 2704 755 2781; x_wconf 80' lang='lat' dir='ltr'>Quam</span> <span class='ocrx_word' id='word_1_124' title='bbox 778 2708 870 2771; x_wconf 82' lang='lat' dir='ltr'>acute</span> <span class='ocrx_word' id='word_1_125' title='bbox 892 2705 1062 2770; x_wconf 81' lang='lat' dir='ltr'>iudicavit!</span> <span class='ocrx_word' id='word_1_126' title='bbox 1098 2704 1167 2769; x_wconf 86' lang='lat' dir='ltr'>Iam</span> <span class='ocrx_word' id='word_1_127' title='bbox 1187 2705 1328 2790; x_wconf 86' lang='lat' dir='ltr'>optimas</span> <span class='ocrx_word' id='word_1_128' title='bbox 1349 2702 1479 2788; x_wconf 84' lang='lat' dir='ltr'>quasvis</span> 
     </span>
     <span class='ocr_line' id='line_1_19' title="bbox 375 2825 1479 2912; baseline 0 -24"><span class='ocrx_word' id='word_1_129' title='bbox 375 2825 509 2889; x_wconf 87' lang='lat' dir='ltr'>aliorum</span> <span class='ocrx_word' id='word_1_130' title='bbox 532 2825 813 2911; x_wconf 85' lang='lat' dir='ltr'>interpretationes</span> <span class='ocrx_word' id='word_1_131' title='bbox 836 2827 998 2904; x_wconf 79' lang='lat' dir='ltr'>adhibuit,</span> <span class='ocrx_word' id='word_1_132' title='bbox 1020 2847 1095 2890; x_wconf 86' lang='lat' dir='ltr'>suas</span> <span class='ocrx_word' id='word_1_133' title='bbox 1118 2827 1232 2912; x_wconf 86' lang='lat' dir='ltr'>ipsius,</span> <span class='ocrx_word' id='word_1_134' title='bbox 1256 2825 1326 2910; x_wconf 84' lang='lat' dir='ltr'>ipsa</span> <span class='ocrx_word' id='word_1_135' title='bbox 1344 2825 1479 2890; x_wconf 82' lang='lat' dir='ltr'>veritate</span> 
     </span>
     <span class='ocr_line' id='line_1_20' title="bbox 308 2944 1479 3030; baseline -0.001 -21"><span class='ocrx_word' id='word_1_136' title='bbox 308 2993 311 3000; x_wconf 83' lang='lat'>.</span> <span class='ocrx_word' id='word_1_137' title='bbox 375 2965 408 3009; x_wconf 86' lang='lat' dir='ltr'>sc</span> <span class='ocrx_word' id='word_1_138' title='bbox 440 2946 629 3030; x_wconf 85' lang='lat' dir='ltr'>probantes,</span> <span class='ocrx_word' id='word_1_139' title='bbox 661 2945 792 3024; x_wconf 86' lang='lat' dir='ltr'>adiecit,</span> <span class='ocrx_word' id='word_1_140' title='bbox 825 2950 858 3010; x_wconf 87' lang='lat' dir='ltr'>et</span> <span class='ocrx_word' id='word_1_141' title='bbox 885 2947 1003 3010; x_wconf 86' lang='lat' dir='ltr'>multas</span> <span class='ocrx_word' id='word_1_142' title='bbox 1032 2949 1065 3011; x_wconf 89' lang='lat' dir='ltr'>et</span> <span class='ocrx_word' id='word_1_143' title='bbox 1093 2946 1236 3030; x_wconf 80' lang='lat' dir='ltr'>insignes</span> <span class='ocrx_word' id='word_1_144' title='bbox 1259 2944 1479 3023; x_wconf 83' lang='lat' dir='ltr'>difficultates,</span> 
     </span>
     <span class='ocr_line' id='line_1_21' title="bbox 376 3063 1480 3152; baseline -0.001 -22"><span class='ocrx_word' id='word_1_145' title='bbox 376 3067 492 3150; x_wconf 80' lang='lat' dir='ltr'>quibus</span> <span class='ocrx_word' id='word_1_146' title='bbox 522 3067 583 3131; x_wconf 88' lang='lat' dir='ltr'>iste</span> <span class='ocrx_word' id='word_1_147' title='bbox 613 3067 741 3132; x_wconf 85' lang='lat' dir='ltr'>libellus</span> <span class='ocrx_word' id='word_1_148' title='bbox 763 3067 956 3152; x_wconf 87' lang='lat' dir='ltr'>impeditur,</span> <span class='ocrx_word' id='word_1_149' title='bbox 979 3067 1159 3132; x_wconf 79' lang='lat' dir='ltr'>felicissime</span> <span class='ocrx_word' id='word_1_150' title='bbox 1182 3066 1353 3151; x_wconf 70' lang='lat' dir='ltr'>superarit.</span> <span class='ocrx_word' id='word_1_151' title='bbox 1400 3063 1480 3130; x_wconf 77' lang='lat' dir='ltr'>Bor·</span> 
     </span>
     <span class='ocr_line' id='line_1_22' title="bbox 376 3187 1481 3272; baseline -0.004 -20"><span class='ocrx_word' id='word_1_152' title='bbox 376 3207 470 3272; x_wconf 78' lang='lat' dir='ltr'>geras</span> <span class='ocrx_word' id='word_1_153' title='bbox 503 3191 581 3252; x_wconf 84' lang='lat' dir='ltr'>adso</span> <span class='ocrx_word' id='word_1_154' title='bbox 616 3188 676 3252; x_wconf 86' lang='lat' dir='ltr'>hac</span> <span class='ocrx_word' id='word_1_155' title='bbox 712 3191 817 3253; x_wconf 86' lang='lat' dir='ltr'>aetate</span> <span class='ocrx_word' id='word_1_156' title='bbox 850 3189 915 3252; x_wconf 88' lang='lat' dir='ltr'>iam</span> <span class='ocrx_word' id='word_1_157' title='bbox 949 3188 1108 3263; x_wconf 87' lang='lat' dir='ltr'>ostendit,</span> <span class='ocrx_word' id='word_1_158' title='bbox 1143 3187 1295 3252; x_wconf 89' lang='lat' dir='ltr'>maiorem</span> <span class='ocrx_word' id='word_1_159' title='bbox 1324 3205 1358 3250; x_wconf 86' lang='lat' dir='ltr'>se</span> <span class='ocrx_word' id='word_1_160' title='bbox 1384 3205 1481 3270; x_wconf 84' lang='lat' dir='ltr'>quam</span> 
     </span>
     <span class='ocr_line' id='line_1_23' title="bbox 376 3304 1483 3394; baseline -0.002 -22"><span class='ocrx_word' id='word_1_161' title='bbox 376 3307 522 3372; x_wconf 89' lang='lat' dir='ltr'>Doctcris</span> <span class='ocrx_word' id='word_1_162' title='bbox 551 3308 705 3373; x_wconf 85' lang='lat' dir='ltr'>honorem</span> <span class='ocrx_word' id='word_1_163' title='bbox 732 3309 899 3386; x_wconf 84' lang='lat' dir='ltr'>meruisse,</span> <span class='ocrx_word' id='word_1_164' title='bbox 934 3312 967 3372; x_wconf 89' lang='lat' dir='ltr'>et</span> <span class='ocrx_word' id='word_1_165' title='bbox 989 3312 1029 3371; x_wconf 86' lang='lat' dir='ltr'>ad</span> <span class='ocrx_word' id='word_1_166' title='bbox 1052 3325 1140 3393; x_wconf 84' lang='lat' dir='ltr'>spem</span> <span class='ocrx_word' id='word_1_167' title='bbox 1162 3311 1292 3392; x_wconf 84' lang='lat' dir='ltr'>togatae</span> <span class='ocrx_word' id='word_1_168' title='bbox 1315 3304 1483 3394; x_wconf 70' lang='lat' dir='ltr'>dignitatis</span> 
     </span>
     <span class='ocr_line' id='line_1_24' title="bbox 378 3426 1322 3513; baseline 0.002 -21"><span class='ocrx_word' id='word_1_169' title='bbox 378 3429 548 3513; x_wconf 87' lang='lat' dir='ltr'>adspirare.</span> <span class='ocrx_word' id='word_1_170' title='bbox 1022 3426 1024 3430; x_wconf 71' lang='grc'><strong>’</strong></span> <span class='ocrx_word' id='word_1_171' title='bbox 1320 3437 1322 3440; x_wconf 82' lang='grc'><strong>’</strong></span> 
     </span>
    </p>

    <p class='ocr_par' dir='ltr' id='par_1_5' title="bbox 377 3548 1485 3999">
     <span class='ocr_line' id='line_1_25' title="bbox 423 3548 1481 3638; baseline 0.002 -25"><span class='ocrx_word' id='word_1_172' title='bbox 423 3548 493 3613; x_wconf 86' lang='lat' dir='ltr'>Iam</span> <span class='ocrx_word' id='word_1_173' title='bbox 528 3554 698 3616; x_wconf 75' lang='lat' dir='ltr'>modestam</span> <span class='ocrx_word' id='word_1_174' title='bbox 725 3577 762 3616; x_wconf 85' lang='lat' dir='ltr'>cc</span> <span class='ocrx_word' id='word_1_175' title='bbox 789 3553 975 3638; x_wconf 73' lang='lat' dir='ltr'>prrtdcatcm</span> <span class='ocrx_word' id='word_1_176' title='bbox 1004 3573 1164 3616; x_wconf 74' lang='lat' dir='ltr'>sacrarum</span> <span class='ocrx_word' id='word_1_177' title='bbox 1193 3553 1356 3617; x_wconf 77' lang='lat' dir='ltr'>literarum</span> <span class='ocrx_word' id='word_1_178' title='bbox 1387 3553 1481 3616; x_wconf 75' lang='lat' dir='ltr'>inar-</span> 
     </span>
     <span class='ocr_line' id='line_1_26' title="bbox 377 3670 1485 3757; baseline 0 -22"><span class='ocrx_word' id='word_1_179' title='bbox 377 3683 495 3757; x_wconf 77' lang='lat' dir='ltr'>prctcm</span> <span class='ocrx_word' id='word_1_180' title='bbox 529 3673 576 3736; x_wconf 88' lang='lat' dir='ltr'>ita</span> <span class='ocrx_word' id='word_1_181' title='bbox 605 3672 808 3748; x_wconf 82' lang='lat' dir='ltr'>informavit,</span> <span class='ocrx_word' id='word_1_182' title='bbox 839 3675 877 3735; x_wconf 91' lang='lat' dir='ltr'>ut</span> <span class='ocrx_word' id='word_1_183' title='bbox 907 3672 999 3737; x_wconf 86' lang='lat' dir='ltr'>facilc</span> <span class='ocrx_word' id='word_1_184' title='bbox 1030 3676 1215 3757; x_wconf 86' lang='lat' dir='ltr'>appareret,</span> <span class='ocrx_word' id='word_1_185' title='bbox 1246 3673 1351 3757; x_wconf 85' lang='lat' dir='ltr'>ipsum</span> <span class='ocrx_word' id='word_1_186' title='bbox 1382 3670 1485 3736; x_wconf 88' lang='lat' dir='ltr'>officia</span> 
     </span>
     <span class='ocr_line' id='line_1_27' title="bbox 381 3792 1484 3878; baseline -0.001 -22"><span class='ocrx_word' id='word_1_187' title='bbox 381 3793 456 3857; x_wconf 85' lang='lat' dir='ltr'>nori</span> <span class='ocrx_word' id='word_1_188' title='bbox 487 3794 628 3859; x_wconf 84' lang='lat' dir='ltr'>muneris</span> <span class='ocrx_word' id='word_1_189' title='bbox 651 3794 717 3869; x_wconf 88' lang='lat' dir='ltr'>sui,</span> <span class='ocrx_word' id='word_1_190' title='bbox 742 3793 883 3858; x_wconf 83' lang='lat' dir='ltr'>Lectoris</span> <span class='ocrx_word' id='word_1_191' title='bbox 906 3792 1185 3870; x_wconf 72' lang='lat' dir='ltr'>Hermeneutices‘,</span> <span class='ocrx_word' id='word_1_192' title='bbox 1209 3797 1247 3858; x_wconf 87' lang='lat' dir='ltr'>ut</span> <span class='ocrx_word' id='word_1_193' title='bbox 1268 3793 1365 3878; x_wconf 86' lang='lat' dir='ltr'>plane</span> <span class='ocrx_word' id='word_1_194' title='bbox 1388 3792 1484 3857; x_wconf 88' lang='lat' dir='ltr'>intel-</span> 
     </span>
     <span class='ocr_line' id='line_1_28' title="bbox 380 3911 1208 3999; baseline 0.002 -23"><span class='ocrx_word' id='word_1_195' title='bbox 380 3911 497 3996; x_wconf 79' lang='lat' dir='ltr'>ligere,</span> <span class='ocrx_word' id='word_1_196' title='bbox 520 3914 567 3977; x_wconf 87' lang='lat' dir='ltr'>ita</span> <span class='ocrx_word' id='word_1_197' title='bbox 589 3914 629 3978; x_wconf 90' lang='lat' dir='ltr'>iis</span> <span class='ocrx_word' id='word_1_198' title='bbox 651 3914 822 3999; x_wconf 87' lang='lat' dir='ltr'>implendis</span> <span class='ocrx_word' id='word_1_199' title='bbox 844 3915 976 3979; x_wconf 91' lang='lat' dir='ltr'>omnino</span> <span class='ocrx_word' id='word_1_200' title='bbox 1001 3937 1067 3978; x_wconf 86' lang='lat' dir='ltr'>csse</span> <span class='ocrx_word' id='word_1_201' title='bbox 1088 3935 1208 3999; x_wconf 89' lang='lat' dir='ltr'>parem.</span> 
     </span>
    </p>

    <p class='ocr_par' dir='ltr' id='par_1_6' title="bbox 381 4031 1488 4363">
     <span class='ocr_line' id='line_1_29' title="bbox 429 4031 1485 4122; baseline 0.002 -24"><span class='ocrx_word' id='word_1_202' title='bbox 429 4033 613 4120; x_wconf 86' lang='lat' dir='ltr'>Disputatio</span> <span class='ocrx_word' id='word_1_203' title='bbox 637 4035 677 4100; x_wconf 85' lang='lat' dir='ltr'>de</span> <span class='ocrx_word' id='word_1_204' title='bbox 701 4037 817 4121; x_wconf 66' lang='lat' dir='ltr'>criptae</span> <span class='ocrx_word' id='word_1_205' title='bbox 840 4049 868 4100; x_wconf 77' lang='lat' dir='ltr'>et</span> <span class='ocrx_word' id='word_1_206' title='bbox 890 4038 997 4100; x_wconf 79' lang='lat' dir='ltr'>activa</span> <span class='ocrx_word' id='word_1_207' title='bbox 1017 4036 1117 4100; x_wconf 78' lang='lat' dir='ltr'>indole</span> <span class='ocrx_word' id='word_1_208' title='bbox 1137 4035 1307 4122; x_wconf 70' lang='lat' dir='ltr'>Reiipiocic</span> <span class='ocrx_word' id='word_1_209' title='bbox 1332 4031 1485 4101; x_wconf 68' lang='lat' dir='ltr'>Chatta-</span> 
     </span>
     <span class='ocr_line' id='line_1_30' title="bbox 381 4154 1487 4245; baseline -0.006 -18"><span class='ocrx_word' id='word_1_210' title='bbox 381 4185 438 4227; x_wconf 78' lang='lat' dir='ltr'>aaa</span> <span class='ocrx_word' id='word_1_211' title='bbox 460 4156 609 4245; x_wconf 86' lang='lat' dir='ltr'>probavit</span> <span class='ocrx_word' id='word_1_212' title='bbox 629 4154 830 4240; x_wconf 67' lang='lat' dir='ltr'>Theologum</span> <span class='ocrx_word' id='word_1_213' title='bbox 852 4155 1070 4240; x_wconf 81' lang='lat' dir='ltr'>dogmaticum</span> <span class='ocrx_word' id='word_1_214' title='bbox 1093 4157 1315 4235; x_wconf 82' lang='lat' dir='ltr'>excellentem,</span> <span class='ocrx_word' id='word_1_215' title='bbox 1341 4155 1396 4241; x_wconf 86' lang='lat' dir='ltr'>qui</span> <span class='ocrx_word' id='word_1_216' title='bbox 1421 4155 1487 4220; x_wconf 82' lang='lat' dir='ltr'>sla·</span> 
     </span>
     <span class='ocr_line' id='line_1_31' title="bbox 382 4265 1488 4363; baseline -0.005 -16"><span class='ocrx_word' id='word_1_217' title='bbox 382 4281 505 4347; x_wconf 86' lang='lat' dir='ltr'>rissimo</span> <span class='ocrx_word' id='word_1_218' title='bbox 536 4275 659 4362; x_wconf 78' lang='lat' dir='ltr'>ingenii</span> <span class='ocrx_word' id='word_1_219' title='bbox 688 4275 826 4354; x_wconf 81' lang='lat' dir='ltr'>lumine,</span> <span class='ocrx_word' id='word_1_220' title='bbox 851 4265 1023 4360; x_wconf 78' lang='lat' dir='ltr'>puritatem</span> <span class='ocrx_word' id='word_1_221' title='bbox 1047 4275 1217 4363; x_wconf 67' lang='lat' dir='ltr'>Euangelii</span> <span class='ocrx_word' id='word_1_222' title='bbox 1239 4277 1397 4356; x_wconf 78' lang='lat' dir='ltr'>illustrat,</span> <span class='ocrx_word' id='word_1_223' title='bbox 1421 4297 1488 4341; x_wconf 91' lang='lat' dir='ltr'>non</span> 
     </span>
    </p>
   </div>
   <div class='ocr_carea' id='block_1_3' title="bbox 416 4529 1463 4606">
    <p class='ocr_par' dir='ltr' id='par_1_7' title="bbox 416 4529 1463 4606">
     <span class='ocr_line' id='line_1_32' title="bbox 416 4529 1463 4606; baseline -0.008 -17"><span class='ocrx_word' id='word_1_224' title='bbox 416 4537 556 4606; x_wconf 71' lang='lat' dir='ltr'>Disputatio</span> <span class='ocrx_word' id='word_1_225' title='bbox 571 4537 601 4587; x_wconf 77' lang='lat' dir='ltr'>de</span> <span class='ocrx_word' id='word_1_226' title='bbox 616 4533 706 4601; x_wconf 70' lang='lat' dir='ltr'>on&#39;qiac</span> <span class='ocrx_word' id='word_1_227' title='bbox 720 4535 776 4594; x_wconf 86' lang='lat' dir='ltr'>cet.)</span> <span class='ocrx_word' id='word_1_228' title='bbox 795 4531 919 4584; x_wconf 83' lang='lat' dir='ltr'>Socictstis</span> <span class='ocrx_word' id='word_1_229' title='bbox 935 4531 1026 4596; x_wconf 75' lang='lat' dir='ltr'>Teyler.</span> <span class='ocrx_word' id='word_1_230' title='bbox 1044 4531 1156 4598; x_wconf 75' lang='lat' dir='ltr'>Thaclcg.</span> <span class='ocrx_word' id='word_1_231' title='bbox 1174 4531 1228 4582; x_wconf 83' lang='lat' dir='ltr'>Vol.</span> <span class='ocrx_word' id='word_1_232' title='bbox 1247 4529 1347 4591; x_wconf 60' lang='lat' dir='ltr'>XXVI,</span> <span class='ocrx_word' id='word_1_233' title='bbox 1357 4547 1380 4582; x_wconf 83' lang='lat' dir='ltr'>a.</span> <span class='ocrx_word' id='word_1_234' title='bbox 1399 4531 1463 4581; x_wconf 78' lang='lat'>1815</span> 
     </span>
    </p>
   </div>
   <div class='ocr_carea' id='block_1_4' title="bbox 0 0 1706 5302">
    <p class='ocr_par' dir='ltr' id='par_1_8' title="bbox 0 0 1706 5302">
     <span class='ocr_line' id='line_1_33' title="bbox 0 0 1706 5302; baseline 0 0"><span class='ocrx_word' id='word_1_235' title='bbox 0 0 1706 5302; x_wconf 95' lang='lat' dir='ltr'> </span> 
     </span>
    </p>
   </div>
  </div>
 </body>
</html>
