3362 5300
579 561 618 607 on
644 561 769 610 mseruo
791 563 965 611 scanicauo.
1285 545 1326 612 95

217 740 330 808 mediis
361 742 548 828 paludibus,
574 755 687 830 agrum
711 746 868 826 sterilem,
892 748 1011 814 multos
1033 747 1154 813 nescire
1178 748 1254 832 quid
1278 773 1327 816 es·

217 868 280 930 set'
297 886 386 928 arare
420 868 453 929 et
477 867 628 930 aratrum.
677 865 800 933 Similia
823 869 909 934 diota
931 869 961 934 ei
983 892 1022 934 ex
1045 891 1099 935 ore
1122 870 1326 950 excidebant,

216 988 347 1072 quando
371 985 435 1050 alia
458 984 588 1050 ridebat
612 1007 631 1049 a
654 988 796 1052 moribus
820 992 853 1053 et
876 990 1106 1056 consuetudine
1128 990 1253 1056 Franco
1270 993 1327 1058 ab·

216 1107 382 1173 horrentia
405 1109 439 1171 ct
461 1129 542 1192 quae
566 1107 711 1173 novitatc
732 1108 949 1194 percellerent.

263 1225 433 1306 Hollandi,
467 1226 612 1305 dicebat,
646 1230 723 1292 sunt
753 1230 955 1295 cunctaturos
986 1234 1019 1296 et
1047 1233 1163 1298 attenti
1186 1236 1326 1300 adrem.

216 1347 259 1412 In
292 1350 472 1413 mercatura
506 1351 598 1432 pater
632 1369 652 1412 a
686 1347 753 1414 filio
785 1350 881 1428 emit,
914 1373 1048 1436 cumque
1079 1375 1115 1419 eo
1146 1355 1326 1438 paciscitur.

216 1469 315 1534 Tardi
344 1470 381 1534 in
414 1471 588 1534 exercenda
611 1469 743 1534 iustitia.
791 1469 907 1536 Omnia
929 1472 1044 1551 licent,
1069 1477 1165 1539 modo
1187 1498 1229 1540 ne
1252 1477 1328 1561 quid

218 1593 332 1656 contra
357 1590 520 1655 civitatem
544 1589 611 1654 fiat.
643 1589 805 1656 Nobilitas
828 1612 896 1656 non
919 1593 1057 1658 multum
1080 1595 1174 1659 valet.
1205 1595 1329 1662 Rustici

217 1715 252 1776 ot
274 1711 428 1789 rusticae,
454 1710 607 1788 ancillae,
632 1733 683 1775 me
706 1709 840 1790 Hercle,
863 1712 929 1778 fere
953 1734 1062 1779 omnes
1084 1717 1206 1780 norunt
1224 1716 1329 1802 legere

218 1835 252 1898 et
282 1831 428 1897 scribere.
475 1830 547 1896 Viri
578 1830 670 1896 ludos
698 1832 855 1897 literarios
878 1833 1009 1899 habent.
1057 1835 1132 1901 Uno
1156 1837 1206 1901 die
1230 1860 1327 1922 pecu-

217 1954 307 2018 niam
338 1953 539 2038 dilapidant,
568 1953 620 2018 cui
658 1955 856 2037 quaerendae
879 1977 934 2020 sex
958 1956 1024 2021 dies
1045 1957 1247 2023 insudarunt.
1294 1958 1328 2024 si

218 2075 291 2160 quis
322 2075 444 2140 videret
474 2073 609 2158 aliquem
644 2073 726 2139 sicco
755 2097 839 2159 pane
870 2077 902 2139 et
929 2095 1012 2160 aqua
1034 2078 1195 2155 utentem,
1219 2079 1327 2163 prodi-

218 2197 310 2282 gium
340 2195 478 2280 putaret.
526 2193 652 2257 Lavant
674 2195 858 2277 pavimenta
880 2197 982 2280 magis
1005 2218 1101 2280 quam
1124 2218 1180 2262 ora
1203 2201 1236 2262 et
1258 2221 1328 2264 ma-

217 2339 298 2393 nus3
329 2316 365 2379 in
395 2315 473 2380 cibis
505 2336 630 2399 quoque
662 2316 813 2400 parandis
841 2317 970 2381 sordidi.
1016 2316 1144 2384 Abusus
1167 2319 1276 2405 butyri
1296 2324 1329 2384 et

217 2438 353 2523 piscium
386 2436 551 2501 solitorum
583 2435 670 2501 favet
700 2438 822 2521 leprae:
847 2460 1040 2524 quamquam
1064 2440 1212 2525 princeps
1235 2441 1327 2507 Mau-

218 2559 312 2624 ritius
342 2560 427 2643 apud
459 2578 531 2622 eum
559 2557 766 2622 contenderet
787 2557 822 2622 in
845 2556 1020 2624 Hellandia
1042 2580 1109 2625 non
1132 2583 1199 2626 esse
1222 2563 1327 2647 lepro-

218 2702 281 2745 sos.
318 2678 490 2743 Dormiunt
511 2678 547 2742 in
570 2677 698 2762 plumis.
745 2678 862 2744 Vicino
886 2679 1026 2745 vicinum
1049 2681 1179 2766 impune
1198 2682 1327 2747 turbare

216 2801 303 2867 licet.
350 2799 406 2866 Sui
439 2799 538 2864 vicini
571 2798 667 2863 sacris
701 2799 812 2864 diebus
846 2801 1023 2865 cantabant
1060 2805 1093 2867 et
1126 2803 1326 2888 gestiebant,

215 2945 280 2989 nec
309 2924 438 3008 poterat
467 2920 629 3006 impedire.
678 2919 860 3008 Asummo
891 2943 985 2986 mane
1010 2922 1177 3007 potabant.
1225 2911 1327 2989 Canes
1379 2980 1381 2983 ,

215 3046 374 3110 latrantes
399 3043 428 3107 ei
450 3065 598 3107 somnum
622 3042 834 3107 excutiebant.

264 3164 353 3231 Haec
384 3167 417 3230 et
446 3164 509 3229 alia
539 3168 649 3230 tamen
678 3166 873 3229 consuetudo
902 3163 1042 3229 faciebat
1070 3165 1206 3245 leviora,
1231 3187 1326 3251 seque

215 3287 260 3352 ad
281 3288 381 3352 vitam
400 3283 596 3350 Hellandam
616 3284 708 3349 citius
727 3285 992 3363 accommodavit,
1013 3307 1108 3369 quam
1127 3309 1185 3373 pro
1202 3287 1326 3353 Franco

214 3408 305 3473 illius
339 3406 470 3483 aetatis,
506 3405 649 3491 generis,
686 3405 849 3470 doctrinae
879 3409 912 3470 et
943 3407 1073 3492 gloriae.
1120 3407 1164 3473 Et
1193 3431 1267 3476 vero
1292 3433 1328 3476 ea

214 3529 419 3595 incommoda
439 3526 547 3591 multis
575 3525 665 3590 bonis
682 3527 988 3610 compensabantur,
1010 3551 1091 3613 quae
1109 3533 1201 3614 grato
1220 3531 1327 3595 animo

215 3649 361 3736 agnovit.

263 3770 304 3836 In
337 3769 472 3835 Francia
503 3771 634 3853 propter
660 3771 805 3853 tempora
828 3772 860 3833 et
882 3768 990 3833 odium
1012 3767 1213 3833 inimicorum
1236 3791 1329 3854 saepo

216 3875 327 3958 rerum
352 3913 480 3956 suarum
505 3892 610 3954 sedem
634 3888 799 3967 mutabat,
824 3889 939 3954 deinde
961 3889 1089 3956 vivebat
1111 3891 1200 3955 tutus
1218 3894 1251 3956 et
1268 3891 1327 3955 ho-

215 4017 360 4078 noratus.
407 4011 448 4076 In
481 4011 568 4075 hunc
602 4011 758 4074 terrarum
789 4009 944 4093 angulum
974 4009 1078 4075 bonae
1100 4011 1228 4089 literae,
1252 4011 1328 4077 alibi

213 4134 305 4198 fusae
339 4133 552 4218 fugataeque,
595 4132 724 4216 portum
757 4130 957 4194 invenerant.
1016 4130 1066 4196 De
1098 4131 1326 4198 humanissima

214 4256 332 4342 gente,
364 4254 505 4331 dicebat,
538 4275 606 4319 non
637 4253 686 4316 est
716 4249 802 4336 quod
826 4272 949 4334 querar.
994 4251 1170 4317 Hominum
1194 4255 1325 4319 comitas

213 4376 312 4456 facit,
337 4399 378 4440 ne
400 4376 436 4441 in
457 4375 614 4440 tractibus
636 4372 867 4439 horridioribus
890 4372 988 4437 ullam
1012 4373 1237 4439 amoenitatem
1260 4375 1323 4440 mei

214 4499 400 4567 Garumnae
422 4497 606 4562 desiderem.
653 4493 880 4572 Hellandiam,
905 4492 961 4560 ubi
980 4494 1058 4560 mihi
1076 4497 1143 4561 tam
1163 4494 1245 4560 bene
1260 4499 1324 4576 est,
