<?xml version="1.0" encoding="UTF-8"?>
<!DOCTYPE html PUBLIC "-//W3C//DTD XHTML 1.0 Transitional//EN"
    "http://www.w3.org/TR/xhtml1/DTD/xhtml1-transitional.dtd">
<html xmlns="http://www.w3.org/1999/xhtml" xml:lang="en" lang="en">
 <head>
  <title>
</title>
<meta http-equiv="Content-Type" content="text/html;charset=utf-8" />
  <meta name='ocr-system' content='tesseract 3.04.00' />
  <meta name='ocr-capabilities' content='ocr_page ocr_carea ocr_par ocr_line ocrx_word'/>
</head>
<body>
  <div class='ocr_page' id='page_1' title='image "./opusculaoratori00peergoog/opusculaoratori00peergoog_0010.png"; bbox 0 0 3338 5302; ppageno 0'>
   <div class='ocr_carea' id='block_1_1' title="bbox 682 1344 818 1494">
    <p class='ocr_par' dir='ltr' id='par_1_1' title="bbox 682 1344 818 1494">
     <span class='ocr_line' id='line_1_1' title="bbox 682 1344 818 1494; baseline 0 -36"><span class='ocrx_word' id='word_1_1' title='bbox 682 1344 734 1458; x_wconf 81' lang='lat' dir='ltr'><strong>u.</strong></span> <span class='ocrx_word' id='word_1_2' title='bbox 774 1345 818 1494; x_wconf 84' lang='lat' dir='ltr'><strong>s.</strong></span> 
     </span>
    </p>
   </div>
   <div class='ocr_carea' id='block_1_2' title="bbox 201 1731 1308 2964">
    <p class='ocr_par' dir='ltr' id='par_1_2' title="bbox 201 1731 1308 2964">
     <span class='ocr_line' id='line_1_2' title="bbox 238 1731 1306 1804; baseline 0.004 -14"><span class='ocrx_word' id='word_1_3' title='bbox 238 1732 462 1804; x_wconf 78' lang='lat' dir='ltr'><strong>Peerlknmpius,</strong></span> <span class='ocrx_word' id='word_1_4' title='bbox 491 1731 569 1790; x_wconf 87' lang='lat' dir='ltr'><strong>ouius</strong></span> <span class='ocrx_word' id='word_1_5' title='bbox 597 1733 650 1789; x_wconf 90' lang='lat' dir='ltr'><strong>hoc</strong></span> <span class='ocrx_word' id='word_1_6' title='bbox 678 1732 820 1790; x_wconf 86' lang='lat' dir='ltr'><strong>volumine</strong></span> <span class='ocrx_word' id='word_1_7' title='bbox 849 1734 902 1789; x_wconf 80' lang='lat' dir='ltr'><strong>tibi</strong></span> <span class='ocrx_word' id='word_1_8' title='bbox 926 1734 1081 1792; x_wconf 80' lang='lat' dir='ltr'><strong>offeruntur</strong></span> <span class='ocrx_word' id='word_1_9' title='bbox 1105 1736 1251 1794; x_wconf 71' lang='lat' dir='ltr'><strong>Orationes</strong></span> <span class='ocrx_word' id='word_1_10' title='bbox 1275 1741 1306 1794; x_wconf 75' lang='lat' dir='ltr'><strong>ei</strong></span> 
     </span>
     <span class='ocr_line' id='line_1_3' title="bbox 202 1837 1306 1908; baseline 0.001 -11"><span class='ocrx_word' id='word_1_11' title='bbox 202 1839 344 1906; x_wconf 76' lang='lat' dir='ltr'>Carmina,</span> <span class='ocrx_word' id='word_1_12' title='bbox 370 1838 432 1908; x_wconf 90' lang='lat' dir='ltr'><strong>quis</strong></span> <span class='ocrx_word' id='word_1_13' title='bbox 457 1838 603 1908; x_wconf 88' lang='lat' dir='ltr'><strong>qunlisque</strong></span> <span class='ocrx_word' id='word_1_14' title='bbox 628 1837 671 1893; x_wconf 87' lang='lat' dir='ltr'><strong>vir</strong></span> <span class='ocrx_word' id='word_1_15' title='bbox 689 1838 788 1904; x_wconf 73' lang='lat' dir='ltr'><strong>fuerit,</strong></span> <span class='ocrx_word' id='word_1_16' title='bbox 808 1839 914 1894; x_wconf 89' lang='lat' dir='ltr'><strong>nemini</strong></span> <span class='ocrx_word' id='word_1_17' title='bbox 933 1839 987 1895; x_wconf 81' lang='lat' dir='ltr'><strong>nisi</strong></span> <span class='ocrx_word' id='word_1_18' title='bbox 1005 1841 1141 1898; x_wconf 77' lang='lat' dir='ltr'><strong>bonarum</strong></span> <span class='ocrx_word' id='word_1_19' title='bbox 1160 1843 1306 1898; x_wconf 75' lang='lat' dir='ltr'><strong>literarum</strong></span> 
     </span>
     <span class='ocr_line' id='line_1_4' title="bbox 201 1939 1306 2016; baseline 0.004 -16"><span class='ocrx_word' id='word_1_20' title='bbox 201 1945 332 2016; x_wconf 70' lang='lat' dir='ltr'><strong>imperito</strong></span> <span class='ocrx_word' id='word_1_21' title='bbox 359 1953 397 1999; x_wconf 79' lang='lat' dir='ltr'><strong>eo&#39;</strong></span> <span class='ocrx_word' id='word_1_22' title='bbox 410 1944 494 2014; x_wconf 83' lang='lat' dir='ltr'><strong>plene</strong></span> <span class='ocrx_word' id='word_1_23' title='bbox 513 1939 577 1998; x_wconf 90' lang='lat' dir='ltr'><strong>rudi</strong></span> <span class='ocrx_word' id='word_1_24' title='bbox 594 1942 722 2014; x_wconf 71' lang='lat' dir='ltr'><strong>ignotum</strong></span> <span class='ocrx_word' id='word_1_25' title='bbox 742 1959 801 1998; x_wconf 86' lang='lat' dir='ltr'><strong>esse</strong></span> <span class='ocrx_word' id='word_1_26' title='bbox 819 1946 927 2014; x_wconf 74' lang='lat' dir='ltr'><strong>potesi3</strong></span> <span class='ocrx_word' id='word_1_27' title='bbox 946 1944 989 2000; x_wconf 72' lang='lat' dir='ltr'><strong>ita</strong></span> <span class='ocrx_word' id='word_1_28' title='bbox 1006 1948 1040 2001; x_wconf 80' lang='lat' dir='ltr'><strong>ut</strong></span> <span class='ocrx_word' id='word_1_29' title='bbox 1058 1964 1114 2002; x_wconf 91' lang='lat' dir='ltr'><strong>non</strong></span> <span class='ocrx_word' id='word_1_30' title='bbox 1132 1964 1244 2004; x_wconf 88' lang='lat' dir='ltr'><strong>necesse</strong></span> <span class='ocrx_word' id='word_1_31' title='bbox 1262 1966 1306 2004; x_wconf 80' lang='lat' dir='ltr'><strong>ar·</strong></span> 
     </span>
     <span class='ocr_line' id='line_1_5' title="bbox 201 2047 1307 2124; baseline 0 -16"><span class='ocrx_word' id='word_1_32' title='bbox 201 2052 339 2108; x_wconf 83' lang='lat' dir='ltr'><strong>bitremur</strong></span> <span class='ocrx_word' id='word_1_33' title='bbox 355 2049 453 2104; x_wconf 82' lang='lat' dir='ltr'><strong>multis</strong></span> <span class='ocrx_word' id='word_1_34' title='bbox 473 2047 508 2104; x_wconf 92' lang='lat' dir='ltr'><strong>de</strong></span> <span class='ocrx_word' id='word_1_35' title='bbox 526 2064 559 2104; x_wconf 93' lang='lat' dir='ltr'><strong>eo</strong></span> <span class='ocrx_word' id='word_1_36' title='bbox 579 2047 678 2103; x_wconf 88' lang='lat' dir='ltr'><strong>dicere.</strong></span> <span class='ocrx_word' id='word_1_37' title='bbox 715 2048 807 2103; x_wconf 77' lang='lat' dir='ltr'><strong>Neine</strong></span> <span class='ocrx_word' id='word_1_38' title='bbox 825 2047 983 2120; x_wconf 69' lang='lat' dir='ltr'><strong>Groningue</strong></span> <span class='ocrx_word' id='word_1_39' title='bbox 1003 2051 1096 2107; x_wconf 90' lang='lat' dir='ltr'><strong>seculo</strong></span> <span class='ocrx_word' id='word_1_40' title='bbox 1115 2052 1254 2124; x_wconf 86' lang='lat' dir='ltr'><strong>superiore</strong></span> <span class='ocrx_word' id='word_1_41' title='bbox 1269 2053 1307 2108; x_wconf 80' lang='lat' dir='ltr'><strong>ed</strong></span> 
     </span>
     <span class='ocr_line' id='line_1_6' title="bbox 202 2153 1306 2228; baseline 0 -16"><span class='ocrx_word' id='word_1_42' title='bbox 202 2157 284 2212; x_wconf 82' lang='lat' dir='ltr'><strong>finem</strong></span> <span class='ocrx_word' id='word_1_43' title='bbox 311 2157 456 2228; x_wconf 78' lang='lat' dir='ltr'><strong>vergente,</strong></span> <span class='ocrx_word' id='word_1_44' title='bbox 480 2153 619 2225; x_wconf 75' lang='lat' dir='ltr'>perceptis</span> <span class='ocrx_word' id='word_1_45' title='bbox 642 2154 672 2207; x_wconf 91' lang='lat' dir='ltr'><strong>in</strong></span> <span class='ocrx_word' id='word_1_46' title='bbox 696 2153 848 2224; x_wconf 80' lang='lat' dir='ltr'><strong>Gymnesio</strong></span> <span class='ocrx_word' id='word_1_47' title='bbox 873 2155 979 2210; x_wconf 78' lang='lat' dir='ltr'><strong>urbano</strong></span> <span class='ocrx_word' id='word_1_48' title='bbox 1004 2155 1165 2227; x_wconf 81' lang='lat' dir='ltr'><strong>linguarum</strong></span> <span class='ocrx_word' id='word_1_49' title='bbox 1192 2158 1306 2214; x_wconf 78' lang='lat' dir='ltr'><strong>betinee</strong></span> 
     </span>
     <span class='ocr_line' id='line_1_7' title="bbox 203 2256 1306 2329; baseline -0.001 -11"><span class='ocrx_word' id='word_1_50' title='bbox 203 2265 234 2318; x_wconf 75' lang='lat' dir='ltr'><strong>ei</strong></span> <span class='ocrx_word' id='word_1_51' title='bbox 261 2261 382 2316; x_wconf 80' lang='lat' dir='ltr'><strong>Graecae</strong></span> <span class='ocrx_word' id='word_1_52' title='bbox 406 2258 565 2324; x_wconf 74' lang='lat' dir='ltr'><strong>elementis,</strong></span> <span class='ocrx_word' id='word_1_53' title='bbox 590 2256 758 2313; x_wconf 76' lang='lat' dir='ltr'><strong>Academica</strong></span> <span class='ocrx_word' id='word_1_54' title='bbox 781 2258 960 2314; x_wconf 70' lang='lat' dir='ltr'><strong>insuitutione</strong></span> <span class='ocrx_word' id='word_1_55' title='bbox 984 2259 1032 2316; x_wconf 83' lang='lat' dir='ltr'><strong>vix</strong></span> <span class='ocrx_word' id='word_1_56' title='bbox 1053 2260 1198 2316; x_wconf 78' lang='lat' dir='ltr'><strong>biennium</strong></span> <span class='ocrx_word' id='word_1_57' title='bbox 1226 2279 1306 2329; x_wconf 90' lang='lat' dir='ltr'><strong>usus,</strong></span> 
     </span>
     <span class='ocr_line' id='line_1_8' title="bbox 205 2363 1307 2439; baseline -0.002 -15"><span class='ocrx_word' id='word_1_58' title='bbox 205 2367 323 2439; x_wconf 75' lang='lat' dir='ltr'><strong>septimo</strong></span> <span class='ocrx_word' id='word_1_59' title='bbox 350 2365 456 2422; x_wconf 88' lang='lat' dir='ltr'><strong>decimo</strong></span> <span class='ocrx_word' id='word_1_60' title='bbox 479 2363 581 2420; x_wconf 66' lang='lat' dir='ltr'><strong>seruus</strong></span> <span class='ocrx_word' id='word_1_61' title='bbox 605 2379 678 2419; x_wconf 78' lang='lat' dir='ltr'><strong>enno</strong></span> <span class='ocrx_word' id='word_1_62' title='bbox 703 2363 820 2420; x_wconf 80' lang='lat' dir='ltr'><strong>Scholee</strong></span> <span class='ocrx_word' id='word_1_63' title='bbox 838 2364 1027 2420; x_wconf 83' lang='lat' dir='ltr'><strong>Heriemensis</strong></span> <span class='ocrx_word' id='word_1_64' title='bbox 1045 2369 1222 2437; x_wconf 74' lang='lat' dir='ltr'><strong>praeccpror,</strong></span> <span class='ocrx_word' id='word_1_65' title='bbox 1242 2384 1307 2424; x_wconf 83' lang='lat' dir='ltr'><strong>mox</strong></span> 
     </span>
     <span class='ocr_line' id='line_1_9' title="bbox 204 2467 1307 2540; baseline 0 -11"><span class='ocrx_word' id='word_1_66' title='bbox 204 2471 401 2530; x_wconf 90' lang='lat' dir='ltr'><strong>Doccumensis</strong></span> <span class='ocrx_word' id='word_1_67' title='bbox 435 2487 469 2526; x_wconf 86' lang='lat' dir='ltr'><strong>ec</strong></span> <span class='ocrx_word' id='word_1_68' title='bbox 497 2467 659 2524; x_wconf 91' lang='lat' dir='ltr'><strong>duodecimo</strong></span> <span class='ocrx_word' id='word_1_69' title='bbox 687 2485 760 2524; x_wconf 78' lang='lat' dir='ltr'><strong>enno</strong></span> <span class='ocrx_word' id='word_1_70' title='bbox 788 2471 854 2538; x_wconf 80' lang='lat' dir='ltr'><strong>post</strong></span> <span class='ocrx_word' id='word_1_71' title='bbox 880 2469 1069 2526; x_wconf 81' lang='lat' dir='ltr'><strong>Heriemensis</strong></span> <span class='ocrx_word' id='word_1_72' title='bbox 1097 2474 1206 2540; x_wconf 72' lang='lat' dir='ltr'><strong>rector,</strong></span> <span class='ocrx_word' id='word_1_73' title='bbox 1234 2489 1307 2530; x_wconf 80' lang='lat' dir='ltr'><strong>nnnc</strong></span> 
     </span>
     <span class='ocr_line' id='line_1_10' title="bbox 204 2571 1308 2648; baseline -0.001 -14"><span class='ocrx_word' id='word_1_74' title='bbox 204 2578 287 2634; x_wconf 89' lang='lat' dir='ltr'><strong>huius</strong></span> <span class='ocrx_word' id='word_1_75' title='bbox 307 2576 393 2632; x_wconf 89' lang='lat' dir='ltr'><strong>seculi</strong></span> <span class='ocrx_word' id='word_1_76' title='bbox 410 2573 544 2648; x_wconf 85' lang='lat' dir='ltr'><strong>vigesimo</strong></span> <span class='ocrx_word' id='word_1_77' title='bbox 564 2572 684 2629; x_wconf 87' lang='lat' dir='ltr'><strong>secundo</strong></span> <span class='ocrx_word' id='word_1_78' title='bbox 705 2573 818 2645; x_wconf 85' lang='lat' dir='ltr'><strong>Borgeri</strong></span> <span class='ocrx_word' id='word_1_79' title='bbox 836 2573 866 2628; x_wconf 93' lang='lat' dir='ltr'><strong>in</strong></span> <span class='ocrx_word' id='word_1_80' title='bbox 884 2571 1034 2630; x_wconf 78' lang='lat' dir='ltr'><strong>Academia</strong></span> <span class='ocrx_word' id='word_1_81' title='bbox 1052 2574 1182 2632; x_wconf 84' lang='lat' dir='ltr'><strong>Leidensi</strong></span> <span class='ocrx_word' id='word_1_82' title='bbox 1201 2593 1308 2633; x_wconf 86' lang='lat' dir='ltr'><strong>succes·</strong></span> 
     </span>
     <span class='ocr_line' id='line_1_11' title="bbox 205 2677 1307 2754; baseline -0.001 -14"><span class='ocrx_word' id='word_1_83' title='bbox 205 2701 264 2750; x_wconf 85' lang='lat' dir='ltr'><strong>scr,</strong></span> <span class='ocrx_word' id='word_1_84' title='bbox 290 2699 341 2753; x_wconf 85' lang='lat' dir='ltr'><strong>pen</strong></span> <span class='ocrx_word' id='word_1_85' title='bbox 358 2679 460 2754; x_wconf 81' lang='lat' dir='ltr'><strong>viginti</strong></span> <span class='ocrx_word' id='word_1_86' title='bbox 478 2682 586 2749; x_wconf 78' lang='lat' dir='ltr'><strong>septem</strong></span> <span class='ocrx_word' id='word_1_87' title='bbox 604 2695 691 2735; x_wconf 81' lang='lat' dir='ltr'><strong>annos</strong></span> <span class='ocrx_word' id='word_1_88' title='bbox 710 2677 874 2748; x_wconf 86' lang='lat' dir='ltr'><strong>professorio</strong></span> <span class='ocrx_word' id='word_1_89' title='bbox 893 2696 1007 2735; x_wconf 88' lang='lat' dir='ltr'><strong>munere</strong></span> <span class='ocrx_word' id='word_1_90' title='bbox 1026 2680 1151 2748; x_wconf 82' lang='lat' dir='ltr'><strong>iunctus,</strong></span> <span class='ocrx_word' id='word_1_91' title='bbox 1171 2681 1307 2752; x_wconf 75' lang='lat' dir='ltr'><strong>reliquom</strong></span> 
     </span>
     <span class='ocr_line' id='line_1_12' title="bbox 204 2781 1308 2858; baseline -0.003 -13"><span class='ocrx_word' id='word_1_92' title='bbox 204 2788 280 2845; x_wconf 71' lang='lat' dir='ltr'><strong>virae</strong></span> <span class='ocrx_word' id='word_1_93' title='bbox 305 2789 415 2858; x_wconf 74' lang='lat' dir='ltr'><strong>portem</strong></span> <span class='ocrx_word' id='word_1_94' title='bbox 432 2785 462 2839; x_wconf 90' lang='lat' dir='ltr'><strong>in</strong></span> <span class='ocrx_word' id='word_1_95' title='bbox 482 2783 540 2841; x_wconf 73' lang='lat' dir='ltr'><strong>otio</strong></span> <span class='ocrx_word' id='word_1_96' title='bbox 558 2783 668 2854; x_wconf 78' lang='lat' dir='ltr'><strong>privato</strong></span> <span class='ocrx_word' id='word_1_97' title='bbox 688 2781 858 2839; x_wconf 87' lang='lat' dir='ltr'><strong>Hilversumi</strong></span> <span class='ocrx_word' id='word_1_98' title='bbox 876 2783 1028 2855; x_wconf 72' lang='lat' dir='ltr'><strong>transegit,</strong></span> <span class='ocrx_word' id='word_1_99' title='bbox 1048 2783 1097 2838; x_wconf 90' lang='lat' dir='ltr'><strong>ubi</strong></span> <span class='ocrx_word' id='word_1_100' title='bbox 1116 2785 1193 2841; x_wconf 89' lang='lat' dir='ltr'><strong>senio</strong></span> <span class='ocrx_word' id='word_1_101' title='bbox 1216 2786 1308 2843; x_wconf 86' lang='lat' dir='ltr'><strong>confe-</strong></span> 
     </span>
     <span class='ocr_line' id='line_1_13' title="bbox 206 2887 1194 2964; baseline -0.004 -14"><span class='ocrx_word' id='word_1_102' title='bbox 206 2893 343 2950; x_wconf 69' lang='lat' dir='ltr'><strong>cruciere</strong></span> <span class='ocrx_word' id='word_1_103' title='bbox 363 2889 555 2964; x_wconf 76' lang='lat' dir='ltr'><strong>octogenarius</strong></span> <span class='ocrx_word' id='word_1_104' title='bbox 574 2887 645 2944; x_wconf 73' lang='lat' dir='ltr'><strong>obiit</strong></span> <span class='ocrx_word' id='word_1_105' title='bbox 664 2904 737 2944; x_wconf 87' lang='lat' dir='ltr'><strong>enno</strong></span> <span class='ocrx_word' id='word_1_106' title='bbox 759 2887 830 2943; x_wconf 83' lang='lat'>1865</span> <span class='ocrx_word' id='word_1_107' title='bbox 850 2887 952 2944; x_wconf 90' lang='lat' dir='ltr'><strong>mensis</strong></span> <span class='ocrx_word' id='word_1_108' title='bbox 970 2887 1067 2944; x_wconf 71' lang='lat' dir='ltr'><strong>Merui</strong></span> <span class='ocrx_word' id='word_1_109' title='bbox 1084 2888 1129 2946; x_wconf 90' lang='lat' dir='ltr'><strong>die</strong></span> <span class='ocrx_word' id='word_1_110' title='bbox 1149 2890 1194 2946; x_wconf 83' lang='lat'><strong>28.</strong></span> 
     </span>
    </p>
   </div>
   <div class='ocr_carea' id='block_1_3' title="bbox 243 3095 1360 3174">
    <p class='ocr_par' dir='ltr' id='par_1_3' title="bbox 243 3095 1360 3174">
     <span class='ocr_line' id='line_1_14' title="bbox 243 3095 1360 3174; baseline -0.004 -13"><span class='ocrx_word' id='word_1_111' title='bbox 243 3104 284 3162; x_wconf 73' lang='lat' dir='ltr'><strong>Ui</strong></span> <span class='ocrx_word' id='word_1_112' title='bbox 307 3105 369 3160; x_wconf 76' lang='lat' dir='ltr'><strong>ereb</strong></span> <span class='ocrx_word' id='word_1_113' title='bbox 392 3103 477 3158; x_wconf 91' lang='lat' dir='ltr'><strong>homo</strong></span> <span class='ocrx_word' id='word_1_114' title='bbox 498 3099 610 3170; x_wconf 74' lang='lat' dir='ltr'><strong>antiqui</strong></span> <span class='ocrx_word' id='word_1_115' title='bbox 628 3098 725 3166; x_wconf 85' lang='lat' dir='ltr'><strong>moris,</strong></span> <span class='ocrx_word' id='word_1_116' title='bbox 745 3095 880 3154; x_wconf 79' lang='lat' dir='ltr'><strong>candidus</strong></span> <span class='ocrx_word' id='word_1_117' title='bbox 899 3115 932 3154; x_wconf 82' lang='lat' dir='ltr'><strong>uc</strong></span> <span class='ocrx_word' id='word_1_118' title='bbox 952 3097 1084 3168; x_wconf 80' lang='lat' dir='ltr'><strong>simplex,</strong></span> <span class='ocrx_word' id='word_1_119' title='bbox 1102 3100 1216 3156; x_wconf 84' lang='lat' dir='ltr'><strong>brevem</strong></span> <span class='ocrx_word' id='word_1_120' title='bbox 1234 3100 1310 3157; x_wconf 75' lang='lat' dir='ltr'><strong>virne</strong></span> <span class='ocrx_word' id='word_1_121' title='bbox 1355 3167 1360 3174; x_wconf 29' lang='lat'>¹</span> 
     </span>
    </p>
   </div>
   <div class='ocr_carea' id='block_1_4' title="bbox 118 3203 1310 3282">
    <p class='ocr_par' dir='ltr' id='par_1_4' title="bbox 118 3203 1310 3282">
     <span class='ocr_line' id='line_1_15' title="bbox 118 3203 1310 3282; baseline -0.003 -15"><span class='ocrx_word' id='word_1_122' title='bbox 118 3267 121 3272; x_wconf 87' lang='grc'>,</span> <span class='ocrx_word' id='word_1_123' title='bbox 205 3210 265 3282; x_wconf 87' lang='lat' dir='ltr'><strong>ipse</strong></span> <span class='ocrx_word' id='word_1_124' title='bbox 285 3226 350 3265; x_wconf 82' lang='lat' dir='ltr'><strong>suae</strong></span> <span class='ocrx_word' id='word_1_125' title='bbox 370 3206 585 3264; x_wconf 68' lang='lat' dir='ltr'><strong>delineationem</strong></span> <span class='ocrx_word' id='word_1_126' title='bbox 606 3203 772 3274; x_wconf 80' lang='lat' dir='ltr'><strong>conscripsit</strong></span> <span class='ocrx_word' id='word_1_127' title='bbox 788 3203 818 3257; x_wconf 91' lang='lat' dir='ltr'><strong>in</strong></span> <span class='ocrx_word' id='word_1_128' title='bbox 839 3221 919 3258; x_wconf 86' lang='lat' dir='ltr'><strong>usum</strong></span> <span class='ocrx_word' id='word_1_129' title='bbox 944 3203 1070 3260; x_wconf 81' lang='lat' dir='ltr'><strong>Rectoris</strong></span> <span class='ocrx_word' id='word_1_130' title='bbox 1094 3205 1248 3278; x_wconf 73' lang='lat' dir='ltr'><strong>Magnifici,</strong></span> <span class='ocrx_word' id='word_1_131' title='bbox 1264 3208 1310 3264; x_wconf 89' lang='lat' dir='ltr'><strong>cni</strong></span> 
     </span>
    </p>
   </div>
   <div class='ocr_carea' id='block_1_5' title="bbox 206 3306 1318 4544">
    <p class='ocr_par' dir='ltr' id='par_1_5' title="bbox 206 3306 1313 3592">
     <span class='ocr_line' id='line_1_16' title="bbox 206 3306 1311 3388; baseline -0.003 -17"><span class='ocrx_word' id='word_1_132' title='bbox 206 3317 269 3388; x_wconf 81' lang='lat' dir='ltr'><strong>lege</strong></span> <span class='ocrx_word' id='word_1_133' title='bbox 288 3313 448 3370; x_wconf 77' lang='lat' dir='ltr'><strong>academico</strong></span> <span class='ocrx_word' id='word_1_134' title='bbox 466 3311 521 3383; x_wconf 86' lang='lat' dir='ltr'><strong>ipsi</strong></span> <span class='ocrx_word' id='word_1_135' title='bbox 538 3308 706 3382; x_wconf 76' lang='lat' dir='ltr'><strong>pereniendi</strong></span> <span class='ocrx_word' id='word_1_136' title='bbox 726 3307 846 3364; x_wconf 90' lang='lat' dir='ltr'><strong>officium</strong></span> <span class='ocrx_word' id='word_1_137' title='bbox 864 3306 1028 3378; x_wconf 71' lang='lat' dir='ltr'><strong>impositum</strong></span> <span class='ocrx_word' id='word_1_138' title='bbox 1042 3310 1123 3366; x_wconf 75' lang='lat' dir='ltr'><strong>foret.</strong></span> <span class='ocrx_word' id='word_1_139' title='bbox 1142 3311 1311 3385; x_wconf 70' lang='lat' dir='ltr'><strong>Magistrum</strong></span> 
     </span>
     <span class='ocr_line' id='line_1_17' title="bbox 208 3413 1313 3486; baseline -0.003 -10"><span class='ocrx_word' id='word_1_140' title='bbox 208 3420 342 3476; x_wconf 88' lang='lat' dir='ltr'><strong>decedens</strong></span> <span class='ocrx_word' id='word_1_141' title='bbox 361 3419 412 3475; x_wconf 87' lang='lat' dir='ltr'><strong>Vir</strong></span> <span class='ocrx_word' id='word_1_142' title='bbox 430 3418 471 3474; x_wconf 85' lang='lat' dir='ltr'><strong>cl.</strong></span> <span class='ocrx_word' id='word_1_143' title='bbox 500 3417 563 3472; x_wconf 83' lang='lat' dir='ltr'><strong>Vun</strong></span> <span class='ocrx_word' id='word_1_144' title='bbox 582 3414 706 3472; x_wconf 80' lang='lat' dir='ltr'><strong>Benevel</strong></span> <span class='ocrx_word' id='word_1_145' title='bbox 724 3414 828 3480; x_wconf 71' lang='lat' dir='ltr'><strong>roure,</strong></span> <span class='ocrx_word' id='word_1_146' title='bbox 848 3413 876 3469; x_wconf 87' lang='lat' dir='ltr'><strong>d.</strong></span> <span class='ocrx_word' id='word_1_147' title='bbox 895 3431 950 3470; x_wconf 79' lang='lat' dir='ltr'><strong>vnn</strong></span> <span class='ocrx_word' id='word_1_148' title='bbox 967 3415 1111 3472; x_wconf 75' lang='lat' dir='ltr'><strong>Februarii</strong></span> <span class='ocrx_word' id='word_1_149' title='bbox 1131 3417 1216 3486; x_wconf 87' lang='grc'>1866,</span> <span class='ocrx_word' id='word_1_150' title='bbox 1238 3418 1313 3474; x_wconf 78' lang='lat' dir='ltr'><strong>inber</strong></span> 
     </span>
     <span class='ocr_line' id='line_1_18' title="bbox 209 3518 1312 3592; baseline -0.002 -11"><span class='ocrx_word' id='word_1_151' title='bbox 209 3525 275 3582; x_wconf 85' lang='lat' dir='ltr'><strong>enni</strong></span> <span class='ocrx_word' id='word_1_152' title='bbox 294 3525 337 3580; x_wconf 88' lang='lat' dir='ltr'><strong>sui</strong></span> <span class='ocrx_word' id='word_1_153' title='bbox 355 3524 415 3580; x_wconf 71' lang='lat' dir='ltr'><strong>feta</strong></span> <span class='ocrx_word' id='word_1_154' title='bbox 435 3520 594 3579; x_wconf 71' lang='lat' dir='ltr'><strong>academice</strong></span> <span class='ocrx_word' id='word_1_155' title='bbox 611 3536 744 3591; x_wconf 81' lang='lat' dir='ltr'><strong>prospere</strong></span> <span class='ocrx_word' id='word_1_156' title='bbox 762 3521 792 3575; x_wconf 79' lang='lat' dir='ltr'><strong>ci</strong></span> <span class='ocrx_word' id='word_1_157' title='bbox 810 3518 927 3574; x_wconf 71' lang='lat' dir='ltr'><strong>adverse</strong></span> <span class='ocrx_word' id='word_1_158' title='bbox 942 3521 1041 3576; x_wconf 72' lang='lat' dir='ltr'><strong>retulit</strong></span> <span class='ocrx_word' id='word_1_159' title='bbox 1055 3537 1126 3591; x_wconf 77' lang='lat' dir='ltr'><strong>quae</strong></span> <span class='ocrx_word' id='word_1_160' title='bbox 1143 3526 1312 3592; x_wconf 82' lang='lat' dir='ltr'><strong>sequunturr</strong></span> 
     </span>
    </p>

    <p class='ocr_par' dir='ltr' id='par_1_6' title="bbox 209 3623 1315 4332">
     <span class='ocr_line' id='line_1_19' title="bbox 246 3623 1312 3696; baseline 0 -14"><span class='ocrx_word' id='word_1_161' title='bbox 246 3631 328 3686; x_wconf 80' lang='lat' dir='ltr'><strong>»Non</strong></span> <span class='ocrx_word' id='word_1_162' title='bbox 347 3628 424 3685; x_wconf 76' lang='lat' dir='ltr'><strong>venii</strong></span> <span class='ocrx_word' id='word_1_163' title='bbox 443 3624 636 3696; x_wconf 80' lang='lat' dir='ltr'><strong>Peerlkampio</strong></span> <span class='ocrx_word' id='word_1_164' title='bbox 656 3641 730 3680; x_wconf 86' lang='lat' dir='ltr'><strong>mors</strong></span> <span class='ocrx_word' id='word_1_165' title='bbox 749 3623 950 3694; x_wconf 70' lang='lat' dir='ltr'><strong>inexspectata.</strong></span> <span class='ocrx_word' id='word_1_166' title='bbox 978 3625 1053 3680; x_wconf 79' lang='lat' dir='ltr'><strong>Ante</strong></span> <span class='ocrx_word' id='word_1_167' title='bbox 1071 3625 1215 3684; x_wconf 84' lang='lat' dir='ltr'><strong>biennium</strong></span> <span class='ocrx_word' id='word_1_168' title='bbox 1228 3644 1312 3684; x_wconf 83' lang='lat' dir='ltr'><strong>senex</strong></span> 
     </span>
     <span class='ocr_line' id='line_1_20' title="bbox 209 3729 1312 3801; baseline -0.005 -8"><span class='ocrx_word' id='word_1_169' title='bbox 209 3736 327 3793; x_wconf 88' lang='lat' dir='ltr'><strong>eximius</strong></span> <span class='ocrx_word' id='word_1_170' title='bbox 351 3734 429 3790; x_wconf 83' lang='lat' dir='ltr'><strong>dedii</strong></span> <span class='ocrx_word' id='word_1_171' title='bbox 455 3732 491 3789; x_wconf 81' lang='lat' dir='ltr'><strong>ud</strong></span> <span class='ocrx_word' id='word_1_172' title='bbox 514 3732 661 3788; x_wconf 76' lang='lat' dir='ltr'><strong>Rectorem</strong></span> <span class='ocrx_word' id='word_1_173' title='bbox 680 3729 806 3801; x_wconf 70' lang='lat' dir='ltr'><strong>Magnis..</strong></span> <span class='ocrx_word' id='word_1_174' title='bbox 825 3731 948 3785; x_wconf 84' lang='lat' dir='ltr'><strong>veterem</strong></span> <span class='ocrx_word' id='word_1_175' title='bbox 967 3729 1135 3801; x_wconf 85' lang='lat' dir='ltr'><strong>discipulum</strong></span> <span class='ocrx_word' id='word_1_176' title='bbox 1154 3735 1184 3788; x_wconf 77' lang='lat' dir='ltr'><strong>ei</strong></span> <span class='ocrx_word' id='word_1_177' title='bbox 1201 3731 1312 3788; x_wconf 88' lang='lat' dir='ltr'><strong>fidelem</strong></span> 
     </span>
     <span class='ocr_line' id='line_1_21' title="bbox 209 3835 1313 3908; baseline -0.005 -10"><span class='ocrx_word' id='word_1_178' title='bbox 209 3841 344 3908; x_wconf 82' lang='lat' dir='ltr'><strong>nmicum,</strong></span> <span class='ocrx_word' id='word_1_179' title='bbox 371 3841 483 3904; x_wconf 82' lang='lat' dir='ltr'><strong>breves,</strong></span> <span class='ocrx_word' id='word_1_180' title='bbox 507 3840 543 3893; x_wconf 80' lang='lat' dir='ltr'><strong>ut</strong></span> <span class='ocrx_word' id='word_1_181' title='bbox 566 3837 689 3902; x_wconf 73' lang='lat' dir='ltr'><strong>solebat,</strong></span> <span class='ocrx_word' id='word_1_182' title='bbox 712 3835 840 3890; x_wconf 80' lang='lat' dir='ltr'><strong>literulns</strong></span> <span class='ocrx_word' id='word_1_183' title='bbox 863 3837 893 3890; x_wconf 79' lang='lat' dir='ltr'><strong>et</strong></span> <span class='ocrx_word' id='word_1_184' title='bbox 917 3835 1041 3892; x_wconf 83' lang='lat' dir='ltr'><strong>concisus</strong></span> <span class='ocrx_word' id='word_1_185' title='bbox 1062 3837 1092 3890; x_wconf 92' lang='lat' dir='ltr'><strong>in</strong></span> <span class='ocrx_word' id='word_1_186' title='bbox 1111 3837 1183 3892; x_wconf 81' lang='lat' dir='ltr'><strong>hanc</strong></span> <span class='ocrx_word' id='word_1_187' title='bbox 1203 3841 1313 3893; x_wconf 83' lang='lat' dir='ltr'><strong>senten-</strong></span> 
     </span>
     <span class='ocr_line' id='line_1_22' title="bbox 209 3939 1313 4012; baseline -0.005 -8"><span class='ocrx_word' id='word_1_188' title='bbox 209 3947 294 4004; x_wconf 71' lang='lat' dir='ltr'><strong>tiam:</strong></span> <span class='ocrx_word' id='word_1_189' title='bbox 333 3944 447 4001; x_wconf 69' lang='lat' dir='ltr'><strong>»Sentio</strong></span> <span class='ocrx_word' id='word_1_190' title='bbox 466 3943 537 3998; x_wconf 91' lang='lat' dir='ltr'><strong>mihi</strong></span> <span class='ocrx_word' id='word_1_191' title='bbox 556 3939 813 4004; x_wconf 63' lang='lat' dir='ltr'><strong>mortuummare,</strong></span> <span class='ocrx_word' id='word_1_192' title='bbox 833 3955 917 4005; x_wconf 79' lang='lat' dir='ltr'><strong>ouem</strong></span> <span class='ocrx_word' id='word_1_193' title='bbox 936 3940 1033 4009; x_wconf 81' lang='lat' dir='ltr'><strong>quieto</strong></span> <span class='ocrx_word' id='word_1_194' title='bbox 1049 3943 1079 3996; x_wconf 79' lang='lat' dir='ltr'><strong>et</strong></span> <span class='ocrx_word' id='word_1_195' title='bbox 1092 3941 1204 4012; x_wconf 78' lang='lat' dir='ltr'><strong>placido</strong></span> <span class='ocrx_word' id='word_1_196' title='bbox 1220 3943 1313 3999; x_wconf 84' lang='lat' dir='ltr'><strong>enimc</strong></span> 
     </span>
     <span class='ocr_line' id='line_1_23' title="bbox 211 4043 1314 4122; baseline -0.003 -15"><span class='ocrx_word' id='word_1_197' title='bbox 211 4054 350 4122; x_wconf 81' lang='lat' dir='ltr'><strong>exspecto.</strong></span> <span class='ocrx_word' id='word_1_198' title='bbox 388 4049 480 4104; x_wconf 80' lang='lat' dir='ltr'><strong>Tuum</strong></span> <span class='ocrx_word' id='word_1_199' title='bbox 506 4046 560 4103; x_wconf 73' lang='lat' dir='ltr'><strong>crit</strong></span> <span class='ocrx_word' id='word_1_200' title='bbox 587 4046 622 4101; x_wconf 89' lang='lat' dir='ltr'><strong>de</strong></span> <span class='ocrx_word' id='word_1_201' title='bbox 647 4061 692 4101; x_wconf 90' lang='lat' dir='ltr'><strong>mc</strong></span> <span class='ocrx_word' id='word_1_202' title='bbox 717 4044 854 4113; x_wconf 84' lang='lat' dir='ltr'><strong>rebusque</strong></span> <span class='ocrx_word' id='word_1_203' title='bbox 879 4043 948 4098; x_wconf 88' lang='lat' dir='ltr'><strong>meis</strong></span> <span class='ocrx_word' id='word_1_204' title='bbox 966 4061 1056 4114; x_wconf 76' lang='lat' dir='ltr'><strong>penca</strong></span> <span class='ocrx_word' id='word_1_205' title='bbox 1073 4045 1185 4116; x_wconf 87' lang='lat' dir='ltr'><strong>publice</strong></span> <span class='ocrx_word' id='word_1_206' title='bbox 1204 4047 1314 4104; x_wconf 83' lang='lat' dir='ltr'><strong>referre.</strong></span> 
     </span>
     <span class='ocr_line' id='line_1_24' title="bbox 211 4148 1315 4226; baseline -0.004 -14"><span class='ocrx_word' id='word_1_207' title='bbox 211 4157 290 4213; x_wconf 81' lang='lat' dir='ltr'><strong>Debc</strong></span> <span class='ocrx_word' id='word_1_208' title='bbox 310 4155 385 4226; x_wconf 88' lang='lat' dir='ltr'><strong>quod</strong></span> <span class='ocrx_word' id='word_1_209' title='bbox 403 4153 535 4210; x_wconf 77' lang='lat' dir='ltr'><strong>referes.”</strong></span> <span class='ocrx_word' id='word_1_210' title='bbox 564 4152 602 4208; x_wconf 74' lang='lat' dir='ltr'><strong>Bb</strong></span> <span class='ocrx_word' id='word_1_211' title='bbox 624 4151 653 4205; x_wconf 93' lang='lat' dir='ltr'><strong>in</strong></span> <span class='ocrx_word' id='word_1_212' title='bbox 673 4148 808 4205; x_wconf 78' lang='lat' dir='ltr'><strong>schedula</strong></span> <span class='ocrx_word' id='word_1_213' title='bbox 826 4149 896 4204; x_wconf 79' lang='lat' dir='ltr'><strong>haec</strong></span> <span class='ocrx_word' id='word_1_214' title='bbox 914 4148 1113 4220; x_wconf 67' lang='lat' dir='ltr'><strong>adscripscrat,</strong></span> <span class='ocrx_word' id='word_1_215' title='bbox 1133 4167 1205 4221; x_wconf 82' lang='lat' dir='ltr'><strong>quee</strong></span> <span class='ocrx_word' id='word_1_216' title='bbox 1224 4152 1315 4209; x_wconf 73' lang='lat' dir='ltr'><strong>veluti</strong></span> 
     </span>
     <span class='ocr_line' id='line_1_25' title="bbox 213 4257 549 4332; baseline -0.018 -13"><span class='ocrx_word' id='word_1_217' title='bbox 213 4261 354 4332; x_wconf 88' lang='lat' dir='ltr'><strong>exipsius</strong></span> <span class='ocrx_word' id='word_1_218' title='bbox 373 4277 419 4316; x_wconf 86' lang='lat' dir='ltr'><strong>ore</strong></span> <span class='ocrx_word' id='word_1_219' title='bbox 439 4257 549 4314; x_wconf 79' lang='lat' dir='ltr'><strong>audite:</strong></span> 
     </span>
    </p>

    <p class='ocr_par' dir='ltr' id='par_1_7' title="bbox 214 4358 1318 4544">
     <span class='ocr_line' id='line_1_26' title="bbox 250 4358 1317 4434; baseline -0.001 -16"><span class='ocrx_word' id='word_1_220' title='bbox 250 4369 363 4423; x_wconf 78' lang='lat' dir='ltr'><strong>»Petrus</strong></span> <span class='ocrx_word' id='word_1_221' title='bbox 374 4366 495 4433; x_wconf 81' lang='lat' dir='ltr'><strong>Hofmac</strong></span> <span class='ocrx_word' id='word_1_222' title='bbox 500 4364 664 4434; x_wconf 80' lang='lat' dir='ltr'><strong>Peerlkamp,</strong></span> <span class='ocrx_word' id='word_1_223' title='bbox 674 4363 760 4417; x_wconf 73' lang='lat' dir='ltr'><strong>nnius</strong></span> <span class='ocrx_word' id='word_1_224' title='bbox 771 4358 928 4432; x_wconf 81' lang='lat' dir='ltr'><strong>Groningse</strong></span> <span class='ocrx_word' id='word_1_225' title='bbox 939 4358 989 4415; x_wconf 79' lang='grc'><strong>(1.2</strong></span> <span class='ocrx_word' id='word_1_226' title='bbox 1000 4359 1143 4416; x_wconf 78' lang='lat' dir='ltr'><strong>Februarii</strong></span> <span class='ocrx_word' id='word_1_227' title='bbox 1154 4361 1225 4417; x_wconf 80' lang='grc'><strong>1786</strong></span> <span class='ocrx_word' id='word_1_228' title='bbox 1236 4365 1317 4433; x_wconf 75' lang='lat' dir='ltr'><strong>petre</strong></span> 
     </span>
     <span class='ocr_line' id='line_1_27' title="bbox 214 4465 1318 4544; baseline -0.003 -17"><span class='ocrx_word' id='word_1_229' title='bbox 214 4473 367 4544; x_wconf 73' lang='lat' dir='ltr'><strong>liudolpho,</strong></span> <span class='ocrx_word' id='word_1_230' title='bbox 384 4471 566 4538; x_wconf 74' lang='lat' dir='ltr'><strong>Praeceptore</strong></span> <span class='ocrx_word' id='word_1_231' title='bbox 582 4467 610 4522; x_wconf 91' lang='lat' dir='ltr'><strong>in</strong></span> <span class='ocrx_word' id='word_1_232' title='bbox 628 4465 780 4537; x_wconf 70' lang='lat' dir='ltr'><strong>Gymnesio</strong></span> <span class='ocrx_word' id='word_1_233' title='bbox 797 4466 917 4532; x_wconf 81' lang='lat' dir='ltr'><strong>urbano,</strong></span> <span class='ocrx_word' id='word_1_234' title='bbox 932 4467 1020 4521; x_wconf 78' lang='lat' dir='ltr'><strong>maire</strong></span> <span class='ocrx_word' id='word_1_235' title='bbox 1037 4468 1154 4522; x_wconf 79' lang='lat' dir='ltr'><strong>Henrico</strong></span> <span class='ocrx_word' id='word_1_236' title='bbox 1173 4468 1318 4525; x_wconf 74' lang='lat' dir='ltr'><strong>Vcen&#39;horst.</strong></span> 
     </span>
    </p>
   </div>
   <div class='ocr_carea' id='block_1_6' title="bbox 0 0 1695 5302">
    <p class='ocr_par' dir='ltr' id='par_1_8' title="bbox 0 0 1695 5302">
     <span class='ocr_line' id='line_1_28' title="bbox 0 0 1695 5302; baseline 0 0"><span class='ocrx_word' id='word_1_237' title='bbox 0 0 1695 5302; x_wconf 95' lang='lat' dir='ltr'><strong> </strong></span> 
     </span>
    </p>
   </div>
  </div>
 </body>
</html>
