3362 5300
581 569 620 613 nn
640 565 788 615 insoniunt
804 569 928 618 omnmo.
1102 623 1108 632 ¹
1271 551 1314 616 oe

246 749 381 818 Utinam
403 751 465 819 hoo
488 753 668 838 exemplum
693 743 874 838 tyrannidis
898 759 980 822 esset
1003 759 1198 836 extremum,
1223 755 1311 822 onius

200 875 353 938 memoria
384 895 423 939 ex
454 874 570 939 animis
592 893 705 958 regum
727 878 760 939 et
782 877 1010 962 imperatorum
1034 899 1200 962 nunqnam
1225 877 1310 942 exei-

200 995 308 1060 deret!
355 994 407 1061 sie
441 995 513 1073 fiet,
539 997 585 1059 ‘ut
615 1009 653 1060 ex
679 996 799 1081 campis
822 997 1039 1083 Lipsiensibus
1063 1002 1097 1062 et
1119 995 1309 1074 Waterlois‚

200 1136 280 1198 quos
311 1115 440 1199 sanguis
471 1118 504 1180 et
534 1116 687 1180 cadavera
718 1136 879 1182 caesorum
903 1139 962 1202 pro
984 1118 1132 1182 libertate
1157 1120 1190 1182 et
1211 1117 1310 1182 servi-

200 1237 270 1300 tute
292 1231 440 1319 Europae
463 1235 667 1312 mortalium,
691 1235 793 1301 fecere
815 1237 969 1322 pingues,
993 1237 1168 1303 efflorescat
1190 1238 1255 1302 fida
1277 1240 1310 1302 et

201 1357 324 1421 sineere
346 1355 532 1434 eoncordia,
557 1355 732 1422 efflorescat
753 1379 827 1422 vera
850 1361 883 1422 et
906 1361 1071 1423 moderata
1092 1359 1232 1423 libertas.

246 1599 307 1664 Sed
329 1599 420 1663 video
444 1599 524 1662 mihi
548 1600 722 1684 cogitanti,
747 1622 828 1685 quoe
850 1601 916 1666 sint
939 1601 1038 1688 offitio
1060 1604 1193 1666 doctoris
1213 1603 1309 1668 histo-

160 1790 164 1798 ,
200 1721 258 1785 rici
278 1723 312 1784 iu
333 1723 502 1808 praecipuo
524 1721 585 1806 lopo
607 1721 827 1786 Providentiae
844 1721 979 1786 Divinae
999 1723 1204 1801 observanda,
1224 1723 1309 1787 idem

198 1841 264 1906 fers
287 1840 444 1917 aooidere,
468 1842 555 1924 quod
578 1839 644 1918 his,
670 1841 726 1925 qui
750 1863 769 1904 e
791 1844 877 1906 terra
899 1841 935 1906 in
957 1842 1059 1906 altum
1078 1839 1308 1926 provehuntur.

197 1961 268 2038 Quo
310 1959 383 2046 plus
423 1961 517 2046 spatii
552 1961 700 2039 absolvo,
734 1961 796 2026 hoo
827 1963 899 2047 plns
932 1983 970 2026 ex
1013 1963 1102 2026 omni
1140 1963 1309 2046 prospectu

164 2095 170 2104 ·
198 2103 335 2148 creseere
369 2082 597 2147 animadverto.
643 2081 740 2147 Nune
773 2083 874 2168 igitur
909 2083 987 2148 satis
1019 2082 1162 2160 habebo,
1195 2084 1222 2148 si
1251 2104 1308 2148 vos

198 2221 257 2288 pro
280 2202 481 2268 humanitate
504 2205 627 2280 vestna,
652 2223 748 2288 quam
771 2203 918 2288 inprimis
939 2203 1095 2287 imploro,
1117 2205 1202 2269 iusto
1225 2207 1307 2269 tem·

198 2347 275 2410 pore
293 2325 532 2409 componendae
551 2324 814 2408 meditandaeque
833 2323 1004 2402 orationis,
1026 2345 1093 2389 non
1112 2346 1183 2389 mea
1195 2326 1306 2410 eulpa,

197 2447 357 2524 exclusus,
382 2446 437 2511 sed
460 2445 537 2510 satis
559 2444 701 2522 habebo,
730 2446 757 2509 si
784 2440 942 2510 nonnullo
959 2467 1011 2510 me
1031 2445 1234 2511 adumbrasse
1252 2469 1307 2511 ex-

195 2566 360 2645 istimetis,
381 2587 462 2652 quae
480 2566 632 2631 histosioo
650 2569 725 2630 ante
745 2566 852 2630 oeulos
871 2566 1019 2630 habenda
1038 2587 1105 2631 esse
1116 2567 1306 2632 indicentur.

242 2688 312 2753 Aut
342 2687 427 2753 enim
457 2687 569 2765 fallor,
601 2689 658 2752 ant
680 2686 727 2750 its
748 2687 805 2751 fiet
828 2687 961 2751 historia
984 2687 1107 2772 optima
1130 2689 1214 2753 vitae
1237 2711 1304 2754 ma·

197 2806 316 2894 gistra,
348 2809 375 2874 si
402 2808 565 2874 videamus
596 2807 678 2871 nihil
710 2826 784 2872 casu
813 2829 872 2873 neo
895 2807 1016 2873 viribus
1038 2809 1123 2893 gen,
1148 2813 1180 2875 et
1203 2810 1305 2874 Deum

196 2929 306 2996 omnia
335 2929 401 2995 iere
430 2930 466 2994 in
496 2951 610 2994 manus
640 2919 831 3014 populorum
860 2929 1018 3014 posuisse,
1053 2930 1080 2994 si
1104 2928 1304 2995 voluntatem
1349 2978 1352 2984 -

195 3053 282 3118 iliius
308 3053 343 3116 in
366 3051 582 3116 monumentis
604 3073 710 3114 rerum
733 3053 894 3135 gestarum
918 3049 1110 3114 declaratam
1133 3050 1304 3114 consulant

195 3175 286 3259 eique
316 3175 468 3258 pareant3
500 3171 683 3236 civitatibus
714 3172 837 3255 autem,
870 3169 956 3254 quod
984 3171 1017 3232 et
1039 3168 1132 3232 Plato
1156 3169 1301 3247 volebat,

195 3316 254 3359 neo
277 3312 385 3359 muros
408 3313 466 3357 neo
489 3291 632 3357 tiiremes
654 3313 714 3357 neo
737 3290 864 3355 navalia
888 3310 946 3356 neo
965 3287 1133 3355 hominum
1152 3289 1302 3376 frequen-

193 3417 274 3480 tiam
305 3434 364 3479 neo
388 3413 483 3478 aliam
517 3413 662 3497 quamvis
692 3412 948 3497 magnitudinem
972 3412 1012 3476 ad
1036 3433 1144 3476 veram
1166 3412 1301 3479 felicita·

195 3539 260 3602 tom
284 3531 432 3622 prodesse
455 3535 523 3600 sine
546 3535 673 3600 virtute.

239 3781 308 3857 Qua
330 3780 366 3844 in
388 3801 422 3844 re
445 3779 560 3844 sinon
583 3777 769 3854 erraverim,
795 3774 1021 3841 Curatores
1048 3774 1300 3842 Academiae

194 3897 475 3977 nobilissimi,
505 3919 562 3963 vos
592 3919 643 3962 me
666 3899 699 3962 et
721 3897 799 3961 haee
822 3899 856 3962 et
878 3896 941 3960 alia
962 3895 1066 3960 officia
1087 3896 1221 3982 implere
1245 3921 1300 3964 oo·

193 4024 342 4098 nantem,
367 4023 473 4085 vestro
495 4019 604 4084 favore
627 4019 660 4082 et
679 4016 901 4082 benevolentia
923 4015 1152 4101 prosequimini
1175 4020 1208 4083 et
1229 4019 1298 4086 ani-

192 4163 279 4208 mum
306 4141 480 4227 adiungite.

228 4451 296 4506 de
309 4454 336 4500 et
351 4451 426 4498 Plato
443 4447 546 4513 volebat)
568 4446 680 4496 Alcibied.
698 4447 719 4498 Ι.
736 4463 761 4512 p.
779 4447 839 4505 134,
859 4447 887 4494 Β.
898 4447 980 4520 Gorg.
998 4463 1023 4512 p.
1041 4445 1101 4506 513,
1119 4445 1148 4496 n.
1165 4441 1214 4496 vid.
1233 4446 1255 4497 Ι.
1268 4445 1296 4496 Is.

191 4529 220 4584 G.
238 4529 267 4583 de
283 4523 346 4584 (tesi
362 4532 440 4582 Diatr.
459 4530 484 4580 in
502 4523 614 4580 Politioes
631 4529 726 4579 Platon.
743 4528 861 4594 principie
875 4524 927 4592 (Tr.
945 4523 1295 4595 mahen.1810)psg.1s8.
