3338 5302
380 579 425 647 36²
876 601 985 648 111111

377 804 479 866 aquae
498 783 661 848 heminam
684 787 775 849 deret
795 785 1049 870 adspiciendam,
1078 789 1236 850 caeterum
1261 807 1281 849 a
1302 787 1408 851 Peneo
1431 809 1483 852 re·

376 907 534 980 moveret,
566 926 673 970 nonne
702 905 841 970 ludibrio
870 906 982 971 haberi
1012 906 1245 972 adolescentem
1272 908 1481 990 putaremus?

376 1021 440 1088 Hie
470 1023 548 1101 sibi,
578 1024 606 1089 si
635 1025 757 1110 sapiat,
787 1026 900 1090 melius
931 1026 1084 1092 eonsulet.
1135 1025 1201 1092 Nos
1233 1025 1330 1103 adeo,
1364 1028 1401 1089 nt
1431 1026 1484 1091 lex

376 1143 435 1206 ille
467 1147 553 1209 oaste
586 1143 670 1210 Deos
706 1145 787 1210 adiri
821 1147 969 1225 iubebat,
1002 1147 1073 1231 ipsa
1107 1146 1306 1230 eloquentiae
1335 1147 1481 1231 exempla

376 1266 526 1330 adeamus
556 1265 637 1330 bene
663 1265 860 1351 praeparati,
885 1270 922 1331 ut
943 1265 1120 1358 Borgerus,
1145 1287 1396 1351 quaeramusque
1419 1267 1480 1331 eli-

346 1445 349 1450 .
376 1406 488 1468 quem,
512 1386 563 1450 eui
585 1385 722 1452 maxime
745 1387 863 1452 similes
884 1387 953 1452 fieri
977 1387 1151 1472 cupiamus.

422 1504 522 1581 Quem
545 1510 711 1590 quaereret
731 1507 909 1592 Borgerus,
933 1527 1000 1572 non
1022 1507 1077 1572 diu
1101 1507 1340 1572 deliberandum
1357 1507 1481 1572 habuit.

378 1623 495 1690 Omnia
525 1626 628 1704 enim,
660 1649 741 1711 quae
754 1698 756 1702 ,
770 1627 823 1693 hio
855 1649 978 1692 summa
1008 1630 1194 1704 censentur,
1226 1627 1273 1691 ita
1302 1628 1339 1692 in
1361 1651 1394 1692 se
1416 1650 1482 1694 uno

376 1746 543 1811 coniunxit
565 1744 692 1826 Oioero,
716 1750 753 1812 nt
775 1748 857 1812 nihil
880 1750 1052 1813 admodum
1073 1749 1110 1812 in
1132 1769 1168 1813 eo
1192 1748 1405 1814 desideratum
1429 1752 1481 1815 sit.

375 1863 482 1940 de?
512 1870 598 1951 quod
627 1889 684 1932 sua
713 1869 819 1953 ipsum
848 1869 971 1934 indoles
1002 1872 1035 1934 et
1057 1868 1207 1935 voluntas
1230 1871 1271 1933 ad
1296 1867 1481 1934 Ciceronem

376 1985 458 2052 ferre
480 1987 601 2052 debuit.
637 1986 742 2053 Multa
764 1989 850 2053 enim
872 1989 1004 2055 fuerunt
1026 1989 1062 2054 in
1085 1987 1236 2055 Oieerone
1259 1989 1366 2074 peria,
1391 1993 1424 2054 et
1445 1991 1482 2055 in

374 2106 534 2192 Borgero,
562 2108 689 2173 iocandi
711 2129 800 2174 amor
821 2111 999 2195 praecipue.
1046 2109 1095 2174 Ea
1117 2109 1294 2194 eupiditate
1316 2109 1481 2175 Romanus

374 2227 537 2292 interdmn
559 2231 638 2293 adeo
661 2251 727 2294 non
750 2231 959 2315 temperavit,
983 2233 1021 2294 ut
1042 2230 1153 2294 mallet
1176 2231 1314 2296 amioum
1333 2233 1479 2315 perdere,

376 2370 473 2432 quam
504 2348 635 2414 dietum.
682 2350 723 2414 In
752 2351 879 2437 seriptis
908 2351 1005 2415 etiam
1032 2351 1114 2429 suis,
1138 2351 1226 2418 loeus
1250 2355 1344 2416 modo
1368 2354 1480 2428 detur,

375 2490 462 2542 nuno
492 2470 610 2535 salibus
640 2471 809 2554 perfricat,
842 2493 928 2536 nune
956 2472 1259 2557 aeuminepungit,
1283 2471 1479 2537 1111111111-

376 2589 431 2654 tiis
464 2591 612 2656 delectat,
664 2591 753 2657 Idem
788 2592 926 2657 faeiebat
959 2592 1137 2678 Borgerus,
1171 2594 1241 2658 loeo
1277 2596 1309 2658 11
1342 2593 1479 2678 tempori

375 2732 608 2797 nonnunquam
640 2713 746 2778 minus
777 2716 1025 2792 consentaneus,
1056 2717 1142 2799 qnod
1174 2713 1267 2778 amioi
1293 2713 1389 2778 etiam
1411 2735 1480 2778 non

376 2834 472 2898 semel
497 2833 547 2898 illi
569 2833 728 2898 dicebant.
773 2832 997 2919 Agnoseebot,
1020 2835 1146 2920 pareius
1170 2856 1202 2900 se
1225 2834 1385 2899 facturum
1406 2834 1477 2919 pol-

375 2953 500 3032 lioitus;
531 2957 587 3019 sed
616 2958 751 3021 naturae
778 2957 846 3020 tam
875 2976 987 3040 parum
1017 2956 1163 3022 resistere
1191 2958 1336 3039 poterat,
1360 2957 1397 3019 ut
1418 2954 1479 3018 hoo

375 3078 490 3144 vitium
513 3099 611 3163 aeque
634 3097 757 3155 amare,
781 3079 878 3161 atque
899 3076 993 3141 emisi
1015 3076 1097 3140 ferre
1120 3076 1315 3140 viderentur.-
1349 3074 1478 3151 Quoties

374 3199 466 3266 illum
498 3202 708 3276 monuerunt,
741 3201 778 3262 ut
808 3197 980 3283 elephanto
1009 3198 1064 3262 isti
1093 3219 1150 3262 suo
1179 3197 1293 3262 tibiam
1324 3197 1477 3282 eriperet,

374 3321 425 3387 vel
454 3322 562 3405 potius
592 3322 698 3384 totum
726 3318 933 3402 elephantum
956 3341 1029 3384 oum
1051 3317 1131 3382 tibia
1153 3318 1305 3383 tolleret?
1350 3316 1477 3384 Aiebat.

375 3441 452 3507 Non
474 3440 558 3507 feeit.
606 3441 658 3509 sio
678 3443 756 3507 1111.

420 3561 588 3628 (laetorum
618 3562 699 3628 mira
728 3561 885 3647 punitate,
917 3561 1025 3646 eopia,
1056 3564 1286 3645 venustateque
1307 3583 1365 3627 sua
1387 3561 1473 3646 eogi-

368 3689 443 3752 -tata
466 3685 618 3751 investiit.
664 3682 752 3768 Apta
774 3684 807 3747 et
828 3681 957 3768 propria
980 3684 1056 3747 sunt
1077 3681 1191 3759 verba,
1217 3681 1305 3747 dives
1327 3682 1479 3748 orationis

374 3807 496 3883 cultus,
528 3804 688 3889 elegantia
718 3803 836 3868 nativa.
884 3802 994 3887 Ipsum
1026 3822 1119 3886 saepe
1151 3800 1335 3868 Oieeronem
1359 3824 1410 3868 me
1432 3804 1479 3868 le·

374 3946 448 4012 gere
471 3925 642 4010 putabam,
666 3924 722 4008 qui
744 3923 924 4000 hominem,
947 3923 983 3987 in
1005 3922 1125 3988 Frisios
1147 3923 1260 4008 lingua
1278 3927 1409 4001 natum,
1434 3923 1480 3989 le-

374 4066 490 4132 geram.
536 4043 626 4110 Adeo
660 4065 753 4109 suum
787 4044 905 4128 ubique
940 4043 1120 4129 exemplum
1154 4044 1268 4121 refert,
1305 4046 1338 4108 et
1371 4046 1480 4109 tamen

371 4167 422 4244 sui
444 4166 541 4244 iuris,
564 4164 646 4230 liber
668 4168 701 4229 et
722 4165 849 4250 integer
871 4187 898 4246 a
911 4186 945 4228 se
969 4185 1034 4229 uno
1057 4167 1185 4248 pendet.
1232 4165 1299 4230 Neo
1321 4185 1396 4230 vero
1421 4187 1480 4230 an·

372 4288 425 4352 xia
449 4289 481 4353 et
504 4281 652 4371 religiosa
674 4284 813 4351 imitatio
835 4285 872 4350 in
893 4284 1071 4369 Borgerum
1095 4283 1237 4349 cadebat.
1284 4284 1381 4350 Multi
1403 4286 1482 4350 olim

373 4429 412 4472 ex
442 4407 672 4473 recentioribus
702 4406 763 4471 hoo
793 4405 995 4492 ignorantiae
1025 4407 1058 4470 et
1090 4409 1224 4470 naturae
1251 4406 1328 4471 vitio
1354 4407 1481 4472 labora-

372 4529 473 4608 bant,
507 4549 586 4614 quos
619 4527 699 4594 mihi
733 4527 837 4592 videte
871 4549 968 4611 quam
1001 4548 1035 4592 se
1069 4525 1220 4592 ridieulos
1250 4527 1480 4612 praestiterint.
