3338 5302
377 521 419 586 54
877 536 985 586 onemo

375 723 542 790 Brennum
572 722 706 802 imitati,
738 744 833 807 quem
865 723 1009 808 gladium
1036 723 1134 788 etiam
1156 722 1301 794 iniecisse
1324 725 1357 788 et
1380 721 1487 794 dirum

378 843 460 910 illud
482 843 573 910 »Vae
596 843 710 909 victis”
735 861 902 927 usurpasse
924 863 992 908 non
1015 842 1140 927 puduit.

426 964 604 1050 Respicite,
628 965 752 1050 decepti
774 965 937 1044 homines,
961 967 1047 1048 quod
1071 987 1090 1029 a
1111 967 1203 1048 tergo
1227 966 1293 1029 est!
1338 964 1409 1030 Iam
1432 987 1489 1031 ve-

382 1087 481 1151 niunt
510 1085 654 1166 camilli,
677 1087 866 1152 iniuriarum
890 1087 1049 1164 vindices,
1073 1087 1209 1152 victores
1233 1087 1333 1171 gladii
1358 1086 1489 1152 cervici·

383 1207 443 1272 bus
473 1208 652 1273 imminent.
699 1207 864 1292 Sanguine
890 1211 923 1272 et
946 1210 1048 1272 morte
1070 1207 1223 1272 luendum
1245 1209 1310 1287 est,
1335 1207 1421 1293 quod
1443 1207 1489 1271 le·

384 1349 457 1413 gom
480 1329 639 1407 violastis,
663 1349 727 1413 qua
750 1328 836 1394 Deus
859 1350 927 1393 non
950 1329 1043 1394 unius
1067 1331 1160 1394 modo
1182 1328 1288 1407 urbis,
1311 1351 1379 1394 non
1396 1327 1490 1394 unius

385 1450 541 1535 regionis,
572 1472 640 1515 non
668 1451 764 1516 unius
794 1453 950 1516 terrarum
982 1452 1099 1535 partis,
1132 1451 1186 1516 sed
1208 1452 1334 1537 generis
1357 1451 1491 1517 humani

386 1568 571 1637 felicitatem
594 1571 787 1637 constituere
810 1571 958 1638 decrevit.

433 1690 607 1758 Gonoessus
641 1695 690 1758 est
723 1693 857 1771 rationi,
892 1693 1041 1778 ingenio,
1074 1692 1214 1758 consiliis
1246 1696 1279 1758 et
1309 1693 1494 1760 fortitudini

388 1813 469 1878 liber
492 1834 611 1878 cursus.
657 1812 788 1879 Habent
810 1813 861 1878 his
885 1813 1007 1880 artibus
1030 1835 1067 1878 ac
1089 1813 1254 1898 praesidiis
1277 1815 1385 1880 ornati
1408 1835 1493 1879 mor-

388 1937 469 2002 tales
510 1958 676 2020 campum,
711 1936 748 2000 in
782 1956 876 2019 quem
911 1934 1150 2020 exspatientur,
1184 1935 1386 2002 immensum.
1432 1934 1495 2002 Sed

335 2103 337 2106 -
389 2059 567 2140 perducant
596 2079 686 2122 suam
717 2056 851 2141 quisque
881 2055 1044 2122 civitatem
1074 2075 1111 2120 eo
1140 2056 1389 2140 magnitudinis,
1414 2076 1494 2140 quae

390 2177 441 2241 vel
470 2178 623 2263 improbis
649 2179 732 2244 votis
754 2178 964 2262 respondeat,
989 2177 1077 2242 brevi
1091 2169 1159 2242 ¹hac
1181 2177 1251 2262 ipsa
1273 2178 1495 2264 magnitudine

389 2297 502 2362 civitas
531 2299 665 2363 laborat.
712 2299 757 2364 Et
786 2300 813 2364 si
844 2298 1021 2364 communis
1052 2299 1146 2364 unius
1169 2299 1215 2364 rei
1240 2298 1386 2384 publicae
1410 2298 1495 2364 salus

391 2418 574 2483 continetur
603 2419 705 2485 salute
735 2420 935 2504 singulorum
967 2420 1103 2498 civium,
1135 2442 1185 2486 res
1215 2422 1323 2484 autem
1348 2441 1415 2486 una
1437 2430 1495 2504 pu-J

391 2538 474 2603 blica
496 2561 570 2624 pars
593 2543 641 2605 est
664 2540 829 2605 universae
851 2539 954 2618 illius,
979 2541 1036 2605 cui-
1053 2540 1138 2606 Deus
1160 2543 1302 2625 praeest,
1328 2540 1398 2606 fieri
1422 2562 1495 2626 pro·

391 2658 475 2726 fecto
499 2661 627 2746 nequit,
651 2663 689 2726 ut
710 2661 848 2746 aegrotis
872 2661 1034 2745 partibus,
1058 2665 1164 2728 totum
1187 2683 1301 2746 eorpus
1324 2661 1440 2728 valeat.

436 2781 541 2847 Hodie
571 2803 639 2847 non
668 2783 729 2849 iste
758 2804 826 2847 mos
858 2785 907 2848 est
932 2783 1082 2867 gentibus
1105 2783 1362 2861 humanioribus,
1388 2785 1427 2848 ut
1449 2781 1496 2846 fs-

392 2903 496 2980 ciant,
521 2903 606 2987 quod
630 2901 775 2969 Gimbros
798 2908 831 2968 et
852 2902 1011 2968 Teutones
1037 2903 1114 2968 olim
1136 2903 1246 2968 fecisse
1269 2903 1423 2987 legimus,
1444 2902 1497 2986 qui

394 3045 413 3088 a
441 3023 562 3090 Senatu
592 3025 737 3090 Romano
760 3025 914 3110 petebant
938 3027 974 3089 ut
998 3023 1058 3089 sibi
1082 3023 1202 3108 aliquid
1226 3026 1328 3088 terrae
1352 3025 1496 3101 daretur,

395 3167 454 3210 nec
484 3147 616 3212 obscure
646 3169 722 3232 prae
754 3169 787 3212 se
817 3145 980 3224 ferebant,
1013 3145 1107 3229 qnid,
1137 3145 1204 3208 lata
1226 3144 1371 3228 repulsa,
1395 3147 1499 3212 essent

395 3266 507 3330 acturi.
553 3265 646 3331 Aliae
668 3269 777 3331 tamen
800 3281 878 3332 sunt
900 3265 977 3332 belli
998 3265 1157 3330 inferendi
1179 3287 1292 3330 causae
1313 3264 1499 3331 innumera-

395 3383 492 3464 biles,
516 3407 556 3448 ex
579 3389 689 3452 eodem
711 3385 802 3450 fonte
824 3407 935 3450 omnes
958 3387 1120 3452 deductae.

441 3504 612 3585 Germani,
654 3508 806 3571 narrante
843 3505 925 3571 Iulio
962 3504 1111 3586 (lassare,
1155 3506 1281 3592 publice
1323 3506 1496 3572 maximam

395 3649 461 3693 esse
484 3628 612 3694 laudem
633 3629 810 3715 putabant,
835 3649 931 3712 quam
954 3627 1107 3695 latissime
1130 3650 1149 3692 a
1172 3629 1237 3694 suis
1253 3627 1372 3693 finibus
1389 3648 1501 3692 vacare

395 3770 498 3834 agros.
554 3751 623 3830 Qua
653 3774 687 3818 re
718 3750 907 3835 significari,
939 3769 1094 3834 magnum
1125 3771 1293 3816 numerum
1323 3748 1501 3814 civitatium

396 3892 486 3936 suam
509 3873 574 3937 vim
597 3874 752 3938 sustinere
775 3893 842 3938 non
865 3871 1015 3956 potuisse.

446 3995 559 4078 Itaque
589 3992 669 4058 falsa
699 3991 801 4058 laudis
825 3991 974 4076 opinione
998 3991 1140 4076 decepti,
1164 3991 1249 4055 bella
1272 4011 1396 4075 semper
1419 3988 1500 4054 infe-

396 4118 528 4195 rebant,
553 4119 611 4179 aut
633 4113 865 4199 propulsabant
886 4112 993 4190 illata,
1018 4112 1053 4176 in
1077 4111 1253 4196 vicinisque
1276 4112 1403 4198 populis
1421 4111 1501 4176 ami-

399 4305 570 4316 ---—·---

429 4421 493 4469 Iuleo
512 4417 621 4484 Caesare)
657 4419 691 4466 De
708 4417 776 4467 Bello
794 4415 855 4467 Gall.
875 4415 917 4464 VI.
938 4415 975 4463 28:
1012 4411 1161 4476 Civitatibus
1179 4413 1282 4465 maxima
1299 4414 1350 4464 laus
1367 4415 1415 4472 est,
1434 4426 1504 4476 quam

399 4499 526 4554 nummu
542 4501 633 4553 eiacum
649 4517 673 4552 sc
690 4502 788 4552 emtis
805 4499 891 4552 finibus
907 4493 1047 4549 solitudines
1063 4496 1156 4548 habere
