3362 5300
354 547 395 608 72
853 565 960 610 oasno

355 748 486 812 omnino
524 749 654 812 remitti.
710 747 985 813 Amstelodamum
1020 747 1159 813 habebat
1193 748 1301 832 plures
1336 747 1458 813 incolas

354 890 451 952 quarn
481 870 551 931 tota
582 868 692 933 Frisia.
740 869 784 933 Et
805 873 914 934 tamen
937 891 1033 954 supra
1055 873 1164 953 portas
1188 869 1315 933 urbium
1338 868 1458 934 Frisiae

355 988 638 1054 minutissimarum
668 993 735 1054 tam
763 990 866 1054 aureis
890 989 989 1054 literis
1013 990 1204 1074 inscriptum
1227 991 1296 1054 eret
1317 1011 1347 1052 v.
1373 1011 1399 1054 c.
1425 989 1456 1056 S.

356 1108 392 1172 P.
416 1107 452 1182 Q.
476 1107 719 1189 Doccumeneis‚
743 1133 840 1195 quam
862 1110 1094 1175 Amstelodami
1117 1109 1148 1176 S.
1175 1110 1211 1174 P.
1236 1109 1272 1184 Q.
1295 1109 1456 1174 Amstelo-

355 1230 522 1294 damensis.
568 1230 609 1296 In
638 1231 698 1297 hac
729 1230 986 1316 irnperii,forma
1016 1233 1109 1294 erant
1131 1230 1256 1295 diversa
1277 1229 1457 1315 provincia-

355 1370 426 1412 rum
454 1350 636 1428 commoda,
661 1351 723 1415 alia
747 1350 817 1415 aliis
841 1371 933 1435 saepe
959 1350 1128 1415 contraria.
1177 1350 1384 1415 Accedebant
1406 1373 1457 1414 ar-

353 1471 401 1532 tes
432 1473 464 1532 et
495 1470 600 1534 studia
628 1469 780 1535 Franciae
811 1473 845 1535 et
873 1471 1078 1548 Britanniae,
1108 1474 1250 1556 potestas
1272 1471 1457 1556 Principum

353 1591 635 1656 Arausionensium
653 1592 791 1676 primum
807 1593 931 1657 incerta
947 1615 1005 1657 neo
1019 1593 1144 1677 legibus
1156 1592 1330 1676 descripta,
1344 1593 1459 1657 deinde

354 1714 537 1789 contracta,
562 1711 704 1790 sublata,
730 1715 833 1777 aucta.
868 1713 931 1777 Res
953 1713 1054 1797 igitur
1070 1715 1137 1777 tam
1154 1713 1238 1777 male
1254 1713 1457 1792 coniunctee,

354 1852 436 1915 quae
457 1853 523 1896 uno
547 1833 722 1897 communis
745 1833 878 1917 periculi
900 1833 1028 1898 vinculo
1049 1833 1314 1910 continebantur,
1336 1833 1458 1898 semina

354 1952 583 2018 discordiarum
612 1953 700 2037 ipsae
730 1952 909 2030 habebant,
941 1976 1020 2037 quas
1051 1953 1222 2039 aliqnando
1245 1954 1281 2018 in
1304 1953 1389 2018 belle
1411 1954 1457 2018 ci-

354 2074 430 2138 vilia
453 2078 486 2140 et
507 2075 673 2140 interitum
695 2074 835 2159 erupisse
857 2074 973 2138 mirum
996 2096 1063 2139 non
1087 2077 1144 2138 est.
1181 2073 1243 2139 Sed
1262 2073 1322 2138 hoc
1342 2073 1458 2137 mirum

353 2196 451 2271 esset,
482 2199 550 2258 tam
581 2195 636 2259 diu
667 2196 736 2259 sisti
765 2195 923 2278 potuisse,
948 2194 1009 2258 nisi
1032 2214 1195 2258 nossemus
1218 2193 1374 2258 maiorum
1397 2214 1457 2257 no·

354 2318 492 2379 strorum
530 2314 708 2392 iustitiam,
746 2315 920 2398 pietatem,
962 2314 1184 2399 diligentiam,
1221 2316 1254 2378 et
1286 2313 1458 2378 immensas

355 2435 492 2499 divitias.

400 2555 519 2620 Graves
559 2577 700 2620 errorum
738 2578 857 2640 poenas
890 2557 1044 2622 dedimus.
1103 2557 1282 2621 Ludovious
1318 2556 1457 2620 decimus

355 2680 462 2742 sextus
500 2677 615 2742 delicta
655 2678 751 2741 trium
791 2677 1025 2742 Ludovicorum
1058 2678 1212 2742 innocens
1248 2677 1351 2760 capite
1384 2676 1456 2740 luit.

354 2799 519 2864 Exhausta
551 2798 686 2863 Francia
720 2800 828 2864 avidas
859 2821 973 2863 manus
1003 2799 1039 2862 in
1069 2799 1234 2862 thesauros
1265 2796 1457 2861 Hollandiae

353 2921 503 3005 porrexit.
550 2919 699 2997 Fuimus,
735 2922 822 3005 quod
853 2920 910 2985 illa
946 2921 1064 2997 voluit,
1100 2917 1292 3003 Respublica
1314 2916 1455 2994 Batava,

356 3043 533 3127 accepimus
550 3042 806 3118 Pensionarium,
826 3042 975 3106 obtrusus
995 3044 1043 3105 est
1062 3039 1153 3104 nobis
1169 3038 1356 3124 peregrinus
1373 3037 1456 3114 Rex,

355 3163 470 3228 adiecti
504 3163 640 3240 fuimus,
674 3165 838 3248 tamquam
872 3162 1004 3226 alluvies
1040 3161 1209 3224 fluminum
1243 3157 1457 3235 Francorum,

354 3305 472 3368 magno
494 3283 649 3348 Franciae
669 3283 811 3367 imperio.
860 3282 942 3360 Vos,
968 3281 1082 3365 optimi
1106 3279 1338 3356 adolescentes,
1362 3300 1458 3363 quam

354 3404 446 3467 triste
469 3404 634 3488 negotium
659 3403 701 3465 sit
724 3402 875 3478 servitus,
900 3401 1022 3485 legistis
1045 3405 1173 3467 tantum
1197 3402 1230 3464 et
1247 3398 1346 3463 fando
1367 3398 1456 3463 audi-

354 3523 454 3588 vistis.
501 3521 634 3606 Experti
665 3522 739 3586 estis
770 3543 953 3604 nunquam,
986 3524 1019 3584 et
1042 3543 1207 3605 nunquam
1232 3519 1455 3604 experiamini!

354 3643 423 3709 Nos
453 3643 656 3728 tyrannidem
686 3643 858 3719 sensimus,
889 3642 983 3706 nobis
1010 3642 1134 3707 inflicta
1158 3642 1291 3706 vulnera
1314 3641 1460 3706 nondum

353 3765 531 3829 cicatricem
561 3765 729 3828 duxerunt.
777 3760 856 3826 Ossa
887 3761 1028 3826 hominis
1059 3761 1188 3826 condita
1218 3761 1325 3825 iacent
1348 3761 1383 3825 in
1408 3762 1458 3824 in-

353 3885 423 3947 sule
454 3884 485 3949 S.
514 3882 673 3961 Helenae,
705 3883 760 3947 ubi
790 3883 879 3947 lento
902 3902 1045 3946 moerore
1068 3883 1100 3944 et
1125 3881 1325 3964 aegritudine
1350 3883 1458 3947 confe-

354 4007 439 4081 ctus,
458 4004 593 4087 dignum
609 4002 802 4067 facinoribus
818 4003 938 4066 exitum
954 4001 1077 4066 habuit.
1105 4000 1168 4065 Hic
1185 4023 1284 4085 quum
1300 4002 1459 4086 regnandi

355 4123 460 4209 melia
489 4122 552 4186 fide
582 4123 718 4200 violata,
750 4145 789 4186 ex
819 4122 907 4199 Ilva,
939 4122 1042 4205 primo
1074 4120 1202 4198 exsilio,
1232 4121 1269 4184 in
1292 4120 1460 4186 Franciam

355 4246 518 4330 eruperat,
548 4265 613 4307 una
636 4265 693 4327 por
715 4242 878 4328 Europam
893 4257 1009 4320 'orma
1034 4265 1142 4319 arma,
1166 4241 1375 4306 clamantium
1400 4263 1461 4306 vox

353 4366 549 4430 audiebatur.
596 4362 802 4438 Quadrivinm
832 4362 912 4427 illud
944 4366 976 4426 et
1005 4384 1135 4446 campus
1165 4361 1348 4427 Waterlous
1372 4362 1453 4426 Hol-

354 4487 468 4550 landae
491 4507 618 4570 quoque
640 4483 770 4549 virtutis
795 4485 891 4548 testes
914 4483 1003 4548 fuere
1024 4482 1274 4566 locupletissimi.
1317 4483 1461 4550 Nuntius
