3362 5296
375 499 435 562 lla
875 509 983 558 omno

377 701 551 768 ctrinarum
583 719 698 784 genere
731 699 966 782 praeceptores,
1000 697 1033 759 et
1056 714 1135 778 quae
1159 693 1256 758 verba
1278 692 1395 769 fecere,
1420 715 1481 778 pro

376 821 608 907 amplificandis
631 820 795 883 literarum
817 817 982 894 laudibus,
1006 838 1064 900 pro
1089 815 1191 900 gloria
1215 837 1251 878 ae
1270 814 1372 878 salute
1391 835 1481 878 com-

377 943 482 1008 munis
514 941 652 1025 patriae,
685 961 782 1024 quum
806 943 918 1024 reputo
942 938 1102 1003 auditores
1124 937 1308 1012 Mauritius,
1333 934 1480 1000 Proderi-

377 1085 430 1128 cos
453 1062 626 1138 Henricos,
658 1060 843 1126 Guilielmos
865 1059 1008 1135 Tertius,
1034 1058 1175 1142 aliosque
1197 1057 1302 1142 gentis
1326 1055 1481 1121 Arausia·

377 1207 432 1249 cac
466 1183 646 1267 Principes,
683 1184 884 1266 caeterosque
917 1180 1002 1244 viros
1038 1179 1213 1243 honoribus
1247 1179 1283 1242 in
1317 1176 1482 1261 republica

376 1304 514 1370 illustres
548 1306 581 1369 et
615 1303 801 1368 meritorum
834 1301 920 1364 fama
952 1282 1167 1376 immortales,
1210 1321 1309 1383 quum
1343 1299 1481 1382 denique

377 1425 455 1489 mihi
484 1427 535 1488 tot
565 1423 779 1488 adolescentes
810 1443 973 1508 propono,
1001 1441 1135 1506 quorum
1157 1420 1203 1485 ibi
1225 1419 1381 1486 stantium
1407 1417 1480 1482 ani·

377 1568 447 1610 mus
478 1544 752 1610 vehementissime
783 1546 823 1608 ad
853 1543 1005 1610 virtutem
1035 1544 1204 1606 amandam
1228 1541 1291 1605 fuit
1312 1541 1479 1618 incensus,

376 1686 509 1749 eamque
538 1665 574 1728 in
604 1664 764 1748 generosis
793 1663 973 1748 pectoribus
1003 1662 1136 1726 crevisse
1165 1661 1344 1738 flammam,
1368 1664 1406 1725 ut
1429 1683 1480 1726 sc-

377 1785 463 1862 dari,
493 1785 556 1849 nisi
586 1785 763 1869 adaequata
785 1787 956 1868 parentum
983 1784 1102 1868 gloria,
1126 1805 1194 1848 non
1216 1783 1375 1868 potnerit:
1399 1782 1481 1850 haec

375 1905 476 1990 igitur
509 1904 536 1969 si
570 1907 749 1989 perpende,
781 1907 890 1968 eadem
920 1904 977 1969 illa
1006 1907 1115 1969 nostra
1144 1904 1360 1980 mediocritas,
1393 1907 1479 1967 tam-

377 2047 473 2109 quam
495 2027 523 2090 si
545 2047 665 2090 numen
688 2025 816 2109 aliquod
837 2025 1011 2103 inhabitet,
1034 2025 1200 2110 ingentem
1217 2025 1323 2090 animo
1345 2045 1480 2113 venera-

377 2146 494 2211 tionem
520 2150 552 2211 et
575 2147 666 2231 quasi
689 2167 813 2212 sacrum
834 2146 997 2211 horrorem
1018 2146 1131 2210 iniicit.

423 2266 457 2332 si
482 2267 582 2351 igitur
603 2288 659 2331 vos
682 2267 718 2330 in
741 2269 990 2331 consentaneum
1012 2269 1136 2332 vestrae
1159 2266 1271 2331 virtuti
1292 2266 1399 2331 locum
1423 2288 1481 2330 ex-

378 2386 535 2471 cepimus,
559 2386 675 2451 vexillo
699 2408 824 2471 quoque
847 2409 916 2450 eam
940 2386 1169 2452 destinavimus
1192 2387 1312 2464 sedem,
1337 2408 1401 2471 qua
1419 2386 1481 2453 ho·

377 2508 570 2574 noretiorem
603 2507 741 2573 inveniri
773 2529 865 2592 posse
898 2508 1132 2576 arbitrabamur
1166 2509 1297 2574 nullam.
1344 2507 1389 2572 Et
1418 2508 1481 2573 istc

377 2629 513 2714 angulus
544 2649 610 2692 non
639 2628 777 2692 multum
804 2628 846 2692 ab
869 2629 1002 2712 antiqua
1025 2629 1228 2714 simplicitate
1251 2629 1398 2706 recessit,
1423 2631 1479 2693 sed

376 2750 446 2815 aevi
475 2751 649 2828 vetulam,
682 2748 886 2814 consiliorum
912 2749 1080 2827 memoria,
1105 2749 1229 2833 etipsa
1252 2748 1317 2814 fere
1340 2771 1479 2844 proavo-

375 2893 447 2936 rum
478 2870 656 2955 praescntia
684 2873 886 2934 consecratus
907 2873 970 2947 est,
995 2872 1072 2934 adeo
1096 2873 1134 2933 ut
1157 2871 1207 2934 vel
1229 2870 1396 2954 adspectus
1419 2893 1478 2936 nc-

375 2991 493 3056 minem
527 2990 635 3076 paullo
665 2990 884 3056 humaniorem
913 3012 981 3055 non
1011 2994 1217 3055 commoveat.
1265 2989 1414 3057 Caesares
1445 2996 1479 3057 et

374 3111 477 3196 Reges
509 3114 541 3177 et
571 3111 785 3196 potentissimi
817 3111 852 3175 in
882 3109 1011 3195 Europa
1042 3111 1223 3196 Principes,
1253 3112 1368 3197 quibus
1391 3115 1479 3178 domi

375 3232 557 3297 deliciarum
580 3232 707 3296 abunde
728 3233 790 3308 est,
815 3231 883 3296 sine
900 3234 1069 3316 conspecto
1088 3231 1242 3298 Senaculo
1260 3232 1391 3298 Leidam
1409 3256 1478 3300 non

374 3351 570 3434 relinquunt.
616 3351 694 3414 Vidi
723 3374 842 3436 nuper,
874 3355 911 3416 ut
940 3355 1048 3416 vetera
1070 3352 1234 3430 omittam,
1256 3354 1478 3419 Alexandrum

374 3471 500 3536 Nicolai
530 3471 553 3534 f.
584 3471 739 3556 Magnum
769 3471 902 3536 Russiae
931 3472 1130 3556 Principem,
1161 3494 1197 3536 eo
1226 3474 1319 3537 vultu
1349 3475 1478 3541 intran-

373 3596 456 3670 tem,
477 3593 568 3677 quasi
587 3593 642 3677 qui
661 3613 765 3656 arcem
785 3590 960 3658 (iremleam
978 3594 1131 3671 intraret,
1152 3594 1242 3678 eique
1259 3597 1330 3658 tum
1350 3598 1478 3661 ostendi

373 3713 505 3791 fossam,
537 3714 593 3779 ubi
621 3711 735 3778 Caesar
757 3713 870 3778 Petrus
892 3715 929 3778 in
951 3713 1081 3799 phaselo
1106 3736 1163 3778 suo
1187 3717 1414 3800 pernoctabat,
1439 3721 1479 3782 ut

373 3857 495 3901 summo
518 3857 611 3899 mane
635 3855 708 3899 cum
729 3833 906 3898 Bocrhavio
929 3833 1134 3900 Academiam
1155 3836 1371 3920 perlustraret.
1396 3837 1477 3903 Nie-

372 3955 521 4032 buhrius,
554 3953 743 4020 Germaniae
772 3958 1015 4032 ornamentum,
1045 3955 1121 4020 hino
1142 3956 1189 4020 ita
1212 3959 1297 4021 tacto
1321 3957 1480 4043 religione

372 4076 479 4140 animo
511 4076 671 4153 discessit,
702 4078 748 4144 ut,
769 4076 899 4139 domum
932 4098 1075 4167 reversus
1102 4077 1157 4140 diu
1179 4079 1253 4161 post
1274 4078 1310 4142 in
1331 4077 1481 4144 Historia

371 4196 517 4261 Romana
551 4196 718 4290 scriberet:
754 4199 887 4280 excepta
922 4194 1055 4260 Graecia
1089 4199 1122 4260 et
1156 4196 1251 4260 ltalia
1283 4197 1412 4263 nullum
1444 4201 1483 4266 in

372 4373 530 4389 μ

297 4534 300 4538 .
405 4462 560 4531 Νίοῠαᾰνίω)
596 4463 649 4513 Vid.
668 4479 739 4530 supra
756 4463 800 4514 Or.
818 4464 846 4514 de
863 4463 994 4529 Scaligerc,
1012 4481 1064 4531 pag.
1085 4467 1124 4518 88.
