3362 5300
380 553 439 614 126
878 575 986 621 carno

426 757 590 834 Vidimus,
622 779 703 842 quae
733 758 933 823 necessitudo
963 757 1154 824 Academiae
1184 781 1258 825 cum
1275 760 1486 845 Principibus

381 876 572 942 Arausiaoae
603 879 707 963 gentis
736 879 958 943 intercesserit.
1005 878 1169 944 Habemus
1193 881 1325 946 stelias
1348 883 1486 948 necessi-

382 999 524 1076 tudines,
556 1000 592 1064 in
622 1000 737 1084 quibus
766 1000 982 1084 praecipuam,
1014 1022 1077 1084 qua
1107 1000 1289 1078 vobiscum,
1321 1003 1487 1069 literarum

383 1121 516 1184 studiosi
558 1122 788 1199 adolescentes,
820 1143 929 1185 sumus
961 1121 1133 1186 coniuncti.
1180 1122 1283 1207 Reges
1307 1127 1339 1187 et
1361 1124 1487 1188 Princi-

383 1264 438 1326 pes
469 1264 571 1326 neque
602 1242 695 1319 estis,
719 1264 794 1320 nec,
820 1245 917 1326 puto,
942 1241 1035 1306 fietis.
1082 1243 1240 1328 Tempora
1263 1245 1349 1308 enim
1374 1243 1487 1329 Napo-

383 1366 508 1430 leontea
539 1364 633 1428 semel
664 1364 906 1448 praeterierunt.
953 1362 1015 1428 Sed
1037 1363 1096 1426 filii
1119 1364 1194 1429 estis
1217 1367 1406 1449 parentum,
1431 1366 1488 1450 qui

383 1486 418 1548 in
450 1485 540 1550 omni
574 1485 644 1548 loco
677 1488 772 1568 atque
803 1485 914 1549 ordine
943 1483 1040 1548 robur
1069 1487 1103 1548 et
1131 1484 1190 1549 flos
1220 1486 1332 1571 populi
1355 1486 1487 1571 vigent,

384 1605 466 1670 fietis
497 1605 589 1670 liberi
619 1605 718 1682 cives,
751 1627 824 1670 suae
846 1606 980 1689 quisque
1002 1604 1149 1669 fortunae
1173 1606 1328 1683 artifices,
1352 1607 1379 1670 si
1402 1607 1490 1670 bona

384 1730 490 1791 vestra
520 1726 572 1790 hic
595 1726 766 1803 noveritis,
791 1728 841 1804 et,
867 1726 944 1809 quid
966 1729 1071 1790 vestra
1094 1747 1186 1790 causa
1209 1727 1282 1804 fiat,
1306 1727 1414 1790 animo
1438 1749 1490 1790 re-

385 1848 513 1932 putetis.
560 1847 800 1932 Explicabone?
847 1847 908 1912 Vel
942 1847 1036 1911 unius
1069 1847 1146 1910 anni
1176 1847 1339 1932 praeteriti
1370 1867 1492 1911 memo-

385 1969 465 2033 riam
488 1991 612 2035 meeum
635 1968 779 2052 repetite.

432 2089 600 2156 (imatores
623 2089 717 2153 solita
738 2089 816 2172 ipsis
838 2090 1009 2173 prudentia
1032 2093 1065 2154 et
1088 2090 1193 2153 studio
1216 2089 1262 2152 rei
1282 2087 1494 2154 Academicae

387 2211 625 2275 consuluerunt.
680 2209 741 2274 Est
773 2210 833 2274 iste
868 2210 995 2293 quidem
1029 2210 1117 2274 haud
1151 2210 1356 2294 quotidianus
1390 2210 1494 2274 honos

388 2335 511 2408 sedere,
542 2331 597 2394 ubi
629 2330 727 2394 Ianus
749 2330 858 2395 Dousa
882 2330 1063 2408 Nordovix,
1088 2335 1120 2395 et
1143 2331 1251 2395 Dousa
1273 2331 1365 2413 digni
1387 2331 1495 2395 sedere

388 2453 458 2516 viri.
505 2451 567 2518 Sed
593 2473 689 2536 quam
711 2452 816 2515 variae
839 2472 1012 2536 gravesque
1036 2474 1129 2517 curae
1151 2452 1282 2516 honoris
1305 2451 1373 2516 sint
1395 2452 1494 2516 comi-

389 2577 455 2651 tes,
487 2574 548 2658 ipsi
579 2573 699 2657 optime
722 2573 835 2636 sciunt.
883 2572 953 2637 Hoc
977 2594 1090 2651 omne,
1115 2573 1269 2658 quidquid
1293 2576 1358 2651 est,
1383 2572 1494 2637 volen-

390 2698 439 2760 tes
462 2695 619 2770 tolerant;
642 2693 843 2779 prospiciunt
865 2694 957 2758 elteri
978 2694 1093 2772 aetati,
1118 2695 1316 2778 prospiciunt
1338 2694 1440 2758 vebis.

436 2817 470 2882 Si
493 2816 688 2881 Professores
712 2814 990 2898 contemplamini,
1014 2837 1117 2898 neque
1140 2814 1254 2879 horum
1278 2814 1381 2898 pietas
1404 2815 1494 2879 vobis

392 2938 501 3003 defuit.
550 2936 652 3001 Omne
682 2934 921 3018 disciplinarum
951 2954 1069 3018 genus,
1105 2934 1146 2998 ab
1178 2935 1408 3018 antiquissimis
1440 2935 1494 2999 de·

393 3060 523 3124 ductum
557 3055 752 3141 temporibus
787 3058 826 3119 ad
861 3055 946 3118 hane
981 3054 1180 3131 memoriam,
1212 3054 1276 3118 init
1306 3056 1495 3139 expositum.

392 3180 488 3244 Multi
521 3178 654 3262 prolatis
688 3180 729 3240 ad
763 3196 964 3240 communem
999 3174 1147 3238 notitiem
1181 3175 1323 3259 scriptis,
1361 3177 1496 3260 gloriam

393 3299 581 3363 Academiae
603 3299 693 3360 iuxta
716 3296 801 3360 domi
825 3296 999 3370 sustinent,
1024 3294 1101 3359 foris
1122 3295 1305 3360 illustrant:
1327 3296 1397 3374 elii,
1419 3320 1499 3381 quae

394 3419 506 3482 affecta
535 3418 674 3493 habent,
704 3419 823 3480 ornant
845 3419 877 3479 et
899 3415 1086 3499 expoliunt..
1122 3415 1199 3480 Non
1222 3416 1407 3499 quiescunt,
1433 3440 1499 3482 non

393 3541 571 3606 remittunt.
619 3537 702 3613 Quid
725 3558 778 3601 eos
800 3539 968 3620 tantopere
988 3537 1123 3600 incitare
1146 3537 1284 3620 putatis,
1304 3541 1358 3615 ut,
1381 3539 1499 3603 relictis

393 3663 504 3738 rebus,
539 3682 620 3744 quae
650 3660 747 3743 vulgo
778 3658 813 3721 in
845 3658 928 3721 vitae
960 3658 1053 3721 bonis
1087 3662 1272 3736 censentur,
1305 3659 1351 3722 sie
1377 3661 1500 3743 agant?

395 3784 566 3849 Posteritas
602 3782 724 3866 optimo
758 3781 870 3864 cuique
904 3781 1059 3863 perpetuo
1095 3781 1170 3844 ante
1205 3780 1312 3843 oculos
1344 3783 1500 3844 versatur.

395 3905 579 3970 Posteritati
599 3904 675 3966 dum
699 3902 889 3978 consulunt,
913 3900 1087 3964 consulunt
1111 3901 1211 3965 vobis.

440 4025 509 4091 Iam
539 4022 771 4106 circumspicite
794 4020 943 4098 Laidem,
967 4020 1143 4104 animisque
1166 4021 1339 4105 percurrite
1361 4022 1505 4106 insignia

395 4145 541 4231 publicae
575 4142 775 4207 liberalitatis
809 4142 1027 4205 monumenta.
1082 4139 1186 4215 Quare
1221 4163 1276 4205 rex
1312 4141 1507 4206 Guilielmus

396 4268 540 4333 Museum
569 4264 649 4328 illud
681 4262 845 4329 Naturalis
868 4262 1045 4339 Historiae,
1071 4263 1125 4326 vix
1147 4284 1164 4326 e
1187 4263 1348 4327 communi
1372 4263 1506 4348 rapina-

396 4411 467 4452 rum
498 4385 698 4470 recepteculo
729 4383 873 4448 Parisino
904 4383 1093 4467 repetitum,
1125 4381 1317 4447 Academiae
1341 4363 1449 4462 dedit,
1476 4388 1511 4449 et

398 4510 551 4573 continuo
585 4507 633 4570 ita
667 4503 891 4589 amplificavit,
925 4506 964 4568 ut
996 4502 1177 4588 hospitibus
1204 4504 1301 4568 etiam
1331 4504 1418 4584 illis,
1452 4506 1514 4590 qui

1668 3813 1672 3880 i
