3362 5300
389 549 448 613 128
890 569 998 615 enarro

388 753 489 840 iisque
523 755 691 840 propterea
714 751 960 830 difficilioribus,
985 751 1060 837 quia
1081 750 1224 836 partium
1245 750 1348 815 honos
1371 751 1425 835 egi
1447 749 1497 814 vi-

389 874 544 953 debatur,
576 894 633 939 vos
664 895 701 938 ea
732 875 853 950 aetate,
881 895 918 938 eo
941 873 1144 958 ingeniorum
1167 869 1289 937 fervore
1313 871 1496 936 adolescen-

389 998 454 1074 tes,
478 995 680 1060 concordiam
703 995 750 1059 ita
772 994 973 1073 restituistis,
996 997 1034 1058 ut
1052 1014 1144 1058 nemo
1165 993 1231 1058 fere
1249 994 1334 1058 ultra
1353 993 1496 1057 triduum

390 1115 487 1181 fuerit
509 1115 619 1180 iratres.
654 1115 695 1180 In
718 1138 783 1200 qua
804 1137 839 1179 re
862 1137 1048 1201 generosam
1070 1114 1111 1179 ad
1132 1137 1234 1180 unum
1257 1135 1366 1179 omnes
1387 1116 1496 1179 osten-

390 1236 479 1302 distis
509 1236 667 1314 indolem,
701 1235 843 1321 mihique
873 1258 910 1301 ea
939 1236 1179 1302 benevolentiae
1202 1239 1235 1300 et
1258 1236 1374 1301 amoris
1397 1236 1497 1300 docu-

389 1359 497 1422 menta
532 1356 677 1435 dedistis,
710 1379 790 1442 quae
821 1356 922 1421 menti
952 1357 1108 1442 inscripta
1136 1355 1227 1420 nulla
1256 1377 1399 1441 unquam
1430 1356 1497 1421 dies

389 1478 584 1543 obliterabit.
641 1478 739 1543 Tanti
773 1476 860 1542 fuere
894 1476 1002 1542 breuia
1036 1477 1093 1541 illa
1127 1477 1265 1542 dissidia.
1322 1477 1424 1554 Nam,
1459 1480 1499 1542 ut

389 1600 536 1664 omittam
560 1621 659 1664 novas
683 1599 785 1684 leges,
806 1621 884 1684 quas
908 1599 948 1664 ab
972 1599 1136 1664 ordinibus
1162 1598 1260 1664 vestri
1282 1598 1423 1684 corporis
1446 1598 1497 1662 la-

388 1723 456 1799 tus,
477 1720 622 1786 unanimi
640 1720 869 1805 propemodum
889 1742 1046 1785 consensu
1063 1720 1242 1806 accepistis,
1263 1718 1391 1804 probati
1408 1719 1496 1784 estis.

388 1840 565 1907 Domuistis
595 1841 719 1908 animos
749 1844 887 1920 vestros,
919 1844 952 1906 et
975 1841 1119 1927 exemplo
1142 1842 1239 1927 longe
1262 1839 1497 1925 pulcherrimo,

389 1963 474 2048 quod
505 1962 557 2028 hic
588 1984 753 2048 nunquam
783 1962 917 2049 peribit,
948 1983 1005 2027 vos
1035 1963 1097 2048 ipsi
1128 1962 1257 2028 vicistis.
1316 1961 1405 2047 Ergo
1434 1960 1498 2026 hoc

388 2083 489 2148 natali
520 2082 709 2148 Academiae
741 2083 810 2161 die,
836 2084 872 2148 in
895 2083 954 2148 hac
977 2083 1128 2168 primaria
1151 2083 1315 2147 Musarum
1338 2081 1497 2147 Neerlan-

390 2206 501 2268 darum
532 2206 604 2268 sede
634 2207 666 2268 et
696 2203 873 2282 domicilio,
903 2225 1010 2270 coram
1040 2203 1101 2268 hac
1123 2202 1366 2268 lectissimorum
1389 2201 1497 2266 homi·

390 2345 486 2400 num,
510 2343 590 2408 quos
612 2323 744 2402 videtis,
769 2344 905 2401 corona,
928 2345 988 2409 ego
1011 2324 1103 2388 vobis
1126 2323 1245 2409 gratias
1267 2343 1328 2407 ago
1352 2324 1420 2388 tam
1442 2323 1498 2387 in·

389 2446 501 2530 gentes
524 2465 621 2529 quam
644 2442 790 2509 sinceras.
826 2442 956 2510 Glorior
976 2445 1033 2509 illa
1055 2447 1160 2509 vestra
1183 2444 1302 2530 pietate
1321 2447 1355 2508 et
1369 2443 1499 2522 farore,

389 2587 483 2651 quem
508 2565 625 2650 apertis
647 2566 852 2649 honestisque
875 2567 998 2631 artibus
1019 2569 1053 2630 et
1075 2587 1198 2652 semper
1220 2587 1403 2650 comparare
1426 2567 1499 2629 stu-

389 2687 460 2765 dui,
482 2689 515 2752 et
538 2707 723 2752 conservare
746 2709 869 2772 semper
889 2688 1033 2752 studebo.

433 2807 547 2893 Neque
569 2810 725 2886 vestram,
750 2808 916 2872 clarissimi
937 2807 1151 2886 Professores,
1175 2829 1252 2893 erga
1274 2831 1324 2873 me
1343 2810 1498 2873 volunta-

386 2931 452 2994 tem
481 2928 590 2994 silebo.
637 2928 671 2994 Si
700 2928 891 2994 Academiae
920 2932 953 2994 et
982 2952 1070 2993 nuno
1100 2933 1132 2993 et
1161 2933 1256 2994 antea
1287 2950 1355 2994 non
1376 2930 1497 2996 fuerim

385 3049 521 3135 pudori,
564 3052 669 3115 vestro
706 3051 803 3115 etiarn
836 3050 1004 3116 tribuitote
1038 3051 1192 3136 exemplo.
1252 3049 1349 3116 Cuius
1386 3056 1497 3117 autem

384 3171 564 3257 exemplum
595 3194 645 3237 me
674 3171 806 3257 propius
836 3175 1000 3257 tangeret,
1033 3195 1130 3255 quam
1150 3175 1261 3249 tuum,
1285 3172 1363 3237 Iane
1385 3171 1498 3236 Beki?

385 3289 462 3355 Non
490 3291 543 3355 hio
573 3291 758 3368 declarabo,
790 3314 869 3376 quas
896 3313 946 3356 res
975 3295 1009 3355 et
1038 3314 1097 3374 ego
1121 3295 1154 3357 et
1177 3293 1232 3358 alii
1253 3295 1289 3358 in
1312 3299 1345 3358 te
1368 3317 1498 3380 semper

384 3410 533 3476 admirati
562 3410 731 3488 fuerimus,
762 3433 882 3495 neque,
915 3413 941 3476 si
970 3416 1027 3476 tua
1051 3416 1213 3497 pateretur
1236 3415 1409 3492 modestia,
1436 3438 1496 3480 ne-

385 3553 470 3597 cesse
504 3534 569 3597 est:
607 3531 684 3596 satis
720 3531 805 3596 enim
838 3554 992 3618 superque
1023 3556 1062 3598 ex
1093 3535 1219 3621 scriptis
1250 3537 1315 3600 tuis
1338 3539 1495 3622 apparet,

383 3651 551 3738 brevique,
582 3653 620 3717 ut
648 3673 829 3736 speramus,
858 3652 974 3718 iterum
996 3675 1035 3718 ex
1059 3653 1211 3720 Cicerone
1232 3659 1289 3720 tuo
1312 3657 1495 3741 apparebit.

383 3773 444 3841 Sed
467 3777 553 3860 quod
575 3775 611 3840 in
633 3773 724 3838 libris
746 3795 766 3838 a
789 3775 822 3838 te
844 3774 938 3838 editis
959 3794 1027 3838 non
1047 3776 1125 3839 adeo
1143 3780 1322 3842 monstrare
1338 3776 1496 3861 potuisti,

382 3895 536 3960 inumata
568 3897 618 3960 est
645 3893 702 3959 illa
731 3893 767 3960 in
797 3894 947 3960 obeundo
976 3917 1107 3960 munere
1136 3897 1267 3982 religio,
1295 3897 1384 3962 cuius
1413 3919 1495 3983 ego,

383 4015 534 4101 quamdiu
565 4017 597 4079 te
627 4015 782 4100 cognovi,
809 4014 902 4080 testis
925 4015 972 4080 fui
995 4017 1211 4100 quotidianus.
1257 4017 1371 4102 Neque
1393 4019 1431 4083 in
1454 4041 1496 4084 eo

381 4157 433 4201 rue
462 4133 524 4200 tibi
554 4135 604 4200 rel
627 4133 779 4200 invenisti
802 4135 853 4200 rel
873 4134 977 4200 fecisti
1000 4137 1046 4200 ita
1069 4137 1263 4202 dissimilem.
1312 4137 1434 4217 Quare,
1460 4144 1498 4204 et

418 4435 1500 4509 ommsmaeraotaremafflnasuam)mpaqmmin

382 4517 769 4584 umchmflmin.
