3362 5300
895 1666 929 1702 DE
947 1666 1004 1703 vm

692 1840 884 1915 IOSEPHI
915 1841 1184 1934 SOALIGERI,

461 2109 464 2114 .
554 2063 681 2113 mmm
700 2063 744 2112 an
761 2063 988 2113 ausaionnnns
1003 2062 1184 2112 nummum
1201 2061 1322 2111 nnrunn

616 2163 647 2214 n.
664 2161 745 2212 xvn.
763 2161 967 2211 snumnams
984 2161 1012 2210 A.
1031 2123 1257 2211 unoccxxxiu

863 2374 1024 2386 *-

429 2525 489 2602 Qui
516 2527 624 2592 literas
648 2530 756 2591 amant
779 2528 812 2591 et
835 2525 963 2604 colunt,
986 2526 1127 2605 nullum,
1152 2527 1277 2611 praeter
1299 2524 1427 2590 Italiam
1453 2528 1485 2589 et

383 2645 565 2726 Graeciam,
597 2647 704 2712 videre
730 2648 884 2731 poterunt
905 2647 1094 2713 sanctiorem
1118 2646 1241 2725 locum,
1265 2668 1361 2730 quam
1384 2645 1484 2711 Sana·

382 2769 489 2833 culum
521 2769 558 2833 in
591 2766 764 2833 Academia
797 2766 962 2832 Leidensi:
997 2767 1053 2831 ubi
1084 2767 1302 2832 Professorum
1329 2767 1484 2852 imagines

380 2889 456 2954 inde
486 2910 505 2953 a
535 2888 711 2973 scaligero,
741 2888 776 2952 in
808 2909 968 2972 purpurea
997 2888 1154 2973 Principis
1184 2891 1262 2972 toga
1294 2889 1482 2973 conspicuo,

335 3005 336 3010 ¹
381 3032 481 3095 usque
508 3009 549 3082 ad
578 3009 807 3075 Ruhnkcnium
825 3009 962 3094 cingunt
983 3009 1157 3094 imaginem
1181 3008 1343 3075 Guilielmi
1366 3007 1482 3086 Primi,

379 3130 569 3198 Academiae
592 3131 740 3196 auctoris.

423 3250 493 3317 Hoc
524 3234 645 3317 dictum
675 3273 742 3316 non
772 3254 821 3316 est
844 3273 966 3329 meum,
991 3251 1046 3316 sed
1068 3251 1207 3316 hominis
1231 3273 1270 3316 ex
1293 3250 1481 3317 Germania:

378 3375 412 3437 et
439 3371 622 3449 Niebuhrii,
654 3372 726 3455 qui,
750 3393 849 3455 quum
871 3373 1028 3456 imagines
1050 3373 1127 3436 istas
1150 3373 1357 3452 intuebatur,
1382 3372 1480 3439 Scali-

376 3513 488 3578 garum
519 3492 716 3576 adspiciebat
738 3492 878 3557 virorum
901 3513 1017 3577 agmen
1040 3493 1225 3572 ducentem,
1249 3493 1479 3560 Ruhnkenium

376 3614 593 3692 claudentem,
615 3613 705 3698 eique
723 3612 891 3676 admiratio
910 3612 1078 3698 praecipue
1097 3611 1249 3698 Scaligeri
1267 3614 1351 3680 hanc
1368 3637 1477 3681 vocem

375 3736 537 3820 expressit.
583 3735 628 3800 Et
655 3733 816 3819 profecto,
847 3734 875 3797 si
904 3733 976 3818 quis
1004 3756 1146 3817 unquam
1171 3755 1228 3799 suo
1250 3736 1318 3800 iure
1341 3757 1477 3821 magnus

373 3856 423 3920 vir
451 3855 581 3920 habitus
612 3860 644 3921 et
673 3855 852 3940 appellatus
882 3852 959 3932 fuir,
992 3853 1055 3920 fuit
1080 3854 1232 3941 Iosephus
1256 3855 1476 3942 Scalige13ut

373 3978 450 4042 adeo
480 3997 547 4040 non
570 3976 665 4040 mirer
687 3975 916 4040 Ruhnkanium
940 3975 1110 4060 aliquando
1133 3975 1281 4042 habuisse
1304 3979 1472 4043 consilium

373 4101 457 4167 vitae
487 4097 573 4162 illius
601 4095 847 4162 conscribendae
869 4099 902 4160 et
926 4097 1029 4181 elogio
1052 4096 1336 4164 Hemsterhusiano
1360 4099 1473 4163 adiun-

373 4223 506 4306 gandae.

402 4480 566 4532 Ruhnkeuiam
587 4479 708 4530 consiliam
730 4477 836 4528 debriare
851 4481 906 4540 cat.)
947 4476 1143 4544 wyttenbachius
1165 4479 1190 4532 in
1208 4480 1265 4532 Vita
1281 4478 1434 4544 Ruhnkenii,
1453 4493 1475 4550 ρ·

368 4565 426 4618 293.
445 4563 518 4650 Epist.
537 4566 633 4614 mutuae
649 4560 775 4612 Ruhnken.
793 4564 817 4610 et
835 4561 947 4611 Valcken.
964 4563 1000 4612 ed.
1019 4563 1122 4624 Mahne,
1140 4580 1194 4632 pag.
1213 4565 1269 4616 112.
