3362 5296
520 556 662 604 commum
682 555 747 600 SPEI
767 555 924 600 unuucuu.

239 738 367 805 Instrue
390 739 569 825 praeceptis
592 740 722 820 mimos,
746 743 783 805 ut
806 739 916 804 fabula
933 738 1043 822 ,turpis

329 861 499 926 Bruxellae
521 861 655 945 pulchro
679 862 810 926 nomine
832 861 933 946 possit
957 861 1019 945 agi.

239 983 361 1069 Sparge
383 1005 440 1069 per
461 982 625 1068 Europam
648 986 727 1048 dura
750 983 916 1048 mendacia
938 983 1062 1062 fronte,

332 1104 458 1190 Lingua
483 1125 658 1171 venenosos
681 1104 787 1168 sibilet
810 1108 880 1168 atra
904 1104 1003 1168 dolos.

240 1226 430 1292 Nassavium
453 1248 583 1304 accusa,
609 1226 763 1311 fictaeque
784 1226 966 1310 tyrannidis
989 1230 1093 1290 artes:

330 1348 375 1413 Et
397 1370 477 1432 quae
500 1347 604 1412 fecisti
626 1347 778 1426 crimina,
802 1350 911 1411 nostra
934 1367 1023 1413 voca.

240 1469 311 1533 Lux
333 1469 400 1533 veri
423 1471 581 1552 emerget,
607 1468 746 1532 discussa
770 1471 881 1546 nocte,
906 1468 1078 1558 tenebras„

330 1589 378 1655 Ac
400 1592 531 1654 tandem
553 1589 696 1653 recident
717 1589 753 1653 in
776 1592 873 1673 caput
896 1589 959 1654 ista
981 1592 1092 1654 tuum:

240 1711 408 1776 Formosae
431 1711 624 1796 opprimitur
646 1732 812 1794 nunquam
834 1710 890 1774 fax
912 1733 1008 1775 aurea
1031 1707 1184 1777 Phoebes.

330 1831 496 1896 Interdum
520 1831 661 1896 obscuris
683 1834 769 1896 tecta
790 1833 917 1897 laborat
939 1833 1037 1916 equis.

240 1953 374 2018 Finibus
397 1975 416 2018 s
438 1953 556 2018 nostris
580 1951 624 2016 Di
645 1953 743 2017 talem
767 1954 901 2019 avertite
924 1956 1082 2032 mentem,

329 2073 422 2140 Hanc
446 2078 568 2160 pestem
592 2097 611 2139 a
634 2074 739 2159 patria
761 2075 805 2139 Di
828 2074 994 2161 prohibete
1016 2078 1103 2140 mea!

241 2195 385 2280 Irrumpe
408 2195 551 2275 Oceano,
580 2219 600 2260 a
621 2195 709 2260 falsis
731 2217 791 2260 nos
815 2196 920 2261 divide
943 2195 1071 2281 Belgis,

330 2316 374 2382 Et
396 2317 513 2382 fluctus
534 2317 655 2381 medios
678 2316 801 2382 dividat
823 2317 908 2381 altus
930 2338 1034 2402 agros.

240 2437 434 2524 Perpetuum
457 2441 495 2502 ut
516 2436 631 2518 faeiat,
656 2438 742 2524 quod
765 2438 842 2503 feeit
865 2439 934 2503 dira
955 2438 1076 2518 libide,

331 2558 457 2625 Natura
479 2558 540 2624 hoc
563 2559 660 2624 etiam
681 2559 784 2624 limite
806 2560 982 2625 discidium⁴
1091 2617 1095 2626 .

243 2679 323 2756 Quid
341 2681 437 2760 milri,
460 2703 517 2746 vae
535 2681 671 2745 nimium
688 2681 795 2746 vicina
812 2681 1006 2760 Brabantia‚
1024 2684 1131 2746 tecum
1150 2683 1220 2747 est?

329 2801 405 2867 Non
427 2781 593 2868 hominum
616 2802 707 2868 Divis
729 2803 829 2887 impia
852 2802 937 2867 facta
960 2803 1099 2885 placent.

240 2907 427 3008 Magnificus
450 2924 544 2988 urbes
566 2924 628 2988 tibi
649 2924 750 3003 habe,
773 2944 938 3009 pagosque
956 2924 1125 3008 superbos;

331 3042 478 3130 Antiqua
500 3045 578 3110 haec
600 3046 694 3110 nobis
719 3046 824 3131 patria
847 3067 966 3131 magna
989 3048 1040 3110 sat
1063 3048 1122 3109 est.
1173 3021 1175 3028 ¹

242 3164 313 3231 Hoc
335 3165 442 3232 natale
465 3166 586 3245 solum,
610 3166 830 3252 Europaeique
854 3166 992 3250 angulus
1015 3164 1100 3229 orbis

330 3286 400 3353 Nos
421 3287 525 3367 iuvat,
548 3291 582 3352 et
604 3292 717 3353 sancto
739 3288 827 3354 ducit
851 3309 958 3353 amore
981 3288 1040 3353 sui.

240 3409 360 3496 Ingens
376 3431 567 3496 magnorum
583 3415 632 3475 est
649 3413 893 3476 monumentum
911 3414 944 3475 et
955 3429 1072 3476 munus
1084 3429 1231 3490 avorum,

329 3530 489 3597 Naturam
511 3535 608 3617 atque
629 3532 737 3598 hostes
759 3532 815 3617 qui
838 3534 988 3598 domuere
1010 3553 1092 3596 suos.

241 3651 337 3718 Alma
359 3653 437 3717 fides
459 3652 586 3716 habitat
608 3675 681 3718 cum
703 3653 861 3718 libertate.
908 3652 1010 3718 Beata

331 3773 473 3860 Exiguo,
497 3778 606 3859 partas
628 3774 696 3839 vita
718 3777 827 3840 tuetur
851 3795 936 3859 opes.

240 3893 377 3960 'Protusa
399 3896 460 3960 hoc
482 3917 566 3975 uno,
596 3896 625 3959 si
646 3896 753 3980 patria
774 3895 935 3980 postulet,
960 3896 1018 3960 aut
1037 3913 1119 3980 quos

333 4017 525 4101 Paupertas,
549 4017 695 4102 quamvis
717 4038 784 4082 non
807 4038 966 4095 meruere,
994 4015 1121 4101 premit.

246 4137 362 4202 Omnia
385 4139 430 4204 sic
449 4141 580 4223 gentem
603 4141 764 4204 noverunt
785 4138 888 4203 saecla
910 4137 1080 4205 Batauam.

331 4259 420 4325 Haec
442 4260 521 4326 facit
542 4262 584 4326 ad
606 4283 728 4340 mores,
751 4260 883 4346 Belgica
905 4281 1008 4339 vanu,
1031 4262 1131 4328 tuos?

244 4376 278 4461 I,
301 4380 433 4446 Frende
453 4386 487 4446 te
509 4385 629 4461 rende,
652 4383 738 4448 bono
760 4385 794 4446 te
813 4381 916 4446 vende
938 4380 1099 4466 Philippo.

335 4501 480 4583 Abnuit,
502 4508 536 4568 et
557 4525 724 4588 nunquam
747 4523 804 4567 vos
826 4501 908 4568 bene
924 4502 1033 4594 'credit
1057 4501 1128 4568 emi.
