3338 5302
560 507 598 552 us
618 501 905 554 001001010111010.
1245 489 1284 550 57

176 689 357 755 fitentibus:
389 689 495 754 Multa
525 689 709 755 acciderunt
737 691 816 754 adeo
849 689 930 752 mira
954 692 987 752 et
1009 689 1159 768 obscura,
1184 689 1282 768 adde,

176 833 258 896 quae
288 812 367 876 dura
397 814 430 875 et
451 811 563 895 iniqua
586 810 771 887 videantur,
797 813 833 874 ut
857 831 916 895 pro
940 811 1053 874 catena
1076 809 1149 888 1110,
1174 809 1201 874 01
1223 831 1283 875 no·

175 935 252 996 dum
287 931 426 1016 aliquem
460 930 657 996 Gordianum
692 931 840 1008 dixisses,
876 929 1038 995 ferremus.
1085 929 1162 995 Non
1190 931 1283 995 enim

174 1053 379 1118 cohaerentes
407 1053 558 1131 annulos,
584 1052 639 1117 sed
663 1052 769 1136 capita
791 1051 1042 1116 loramentorum
1064 1051 1111 1115 110
1133 1050 1283 1135 perplexa

174 1176 208 1237 et
229 1173 393 1258 implicata
416 1174 565 1258 intraque
588 1175 689 1239 nodos
713 1172 900 1238 abscondita
923 1172 1097 1249 cernimus,
1118 1171 1281 1256 ut'gladio

175 1317 255 1380 opus
278 1295 321 1359 sit
344 1295 505 1359 adnexus
529 1293 741 1359 resolvendos.

219 1415 347 1481 Bonum
378 1415 519 1495 factum,
547 1415 608 1482 viri
630 1415 767 1501 egregii,
792 1416 879 1499 quod
902 1415 992 1480 vobis
1015 1415 1062 1478 ita
1075 1414 1183 1480 'rideri
1205 1436 1281 1501 pro·

174 1535 364 1614 nuntiastis,
394 1559 414 1600 0
437 1535 561 1620 gladio,
587 1558 645 1620 per
667 1534 771 1600 Deum
793 1535 1023 1614 immortalem,
1048 1535 1223 1614 abstinete,
1249 1538 1282 1600 et

172 1657 343 1722 intuemini
366 1657 544 1722 accuratius
566 1657 764 1722 individuam
786 1678 893 1721 rerum
915 1657 1036 1721 seriem.

218 1777 419 1862 Improvidus
446 1780 479 1842 et
502 1777 635 1862 cupidus
657 1775 840 1841 Alexander
862 1776 1025 1843 nesciebat
1047 1800 1080 1842 se
1102 1778 1158 1842 illo
1181 1779 1281 1863 gladii

172 1897 239 1962 ictu
263 1920 329 1963 non
350 1898 452 1983 magis
475 1898 544 1963 lora
567 1898 644 1963 nodi
665 1896 820 1963 Gordiani
840 1899 977 1976 solvere,
997 1921 1094 1983 quam
1110 1899 1279 1982 imperium

171 2018 388 2084 Macedoniae.
443 2018 594 2085 Successu
628 2019 714 2083 enim
748 2019 952 2084 victoriarum
987 2043 1083 2107 supra
1116 2020 1279 2086 hominem

172 2140 293 2220 elatus,
320 2139 404 2204 ausis
432 2139 619 2226 ingentibus
650 2138 782 2217 excidit,
813 2142 847 2204 et
867 2139 1039 2205 immatura
1061 2144 1164 2207 morte
1186 2143 1278 2208 abre-

172 2264 266 2348 ptus,
289 2261 350 2327 hoc
372 2260 513 2326 habebat
535 2261 702 2340 solatium,
727 2263 813 2345 quod
835 2281 971 2346 regnum
994 2262 1077 2328 mole
1100 2285 1158 2328 sua
1181 2265 1278 2330 obru-

171 2385 241 2447 tum
272 2403 339 2447 non
368 2383 492 2448 viderit.
538 2380 593 2446 An
613 2382 778 2447 credamus
801 2382 873 2447 vivo
896 2382 994 2447 etiam
1015 2382 1199 2450 Alexandro
1223 2387 1278 2451 diu

170 2503 334 2588 quieturos
369 2501 465 2567 1111000
499 2504 550 2568 101
584 2502 704 2586 gloriae
735 2505 768 2567 et
797 2501 873 2567 belli
904 2503 1078 2588 cupiditate
1105 2505 1278 2591 flagrantes

170 2625 350 2708 praetores,
384 2643 521 2707 quorum
551 2623 608 2686 uni
639 2645 681 2687 ne
710 2624 999 2708 regnum-quidem
1021 2647 1081 2691 nec
1104 2626 1276 2692 liberorum

169 2746 307 2809 tutelam
337 2744 475 2808 moriens
500 2743 678 2828 relinquere
700 2766 794 2809 00000
817 2743 940 2808 fueriti
985 2745 1090 2810 Tanta
1113 2747 1275 2812 11011010-

170 2887 259 2943 mae,
284 2865 416 2950 abipso
439 2887 514 2951 rege
537 2867 702 2945 incensae,
727 2889 760 2932 se
782 2867 852 2951 ipsa
874 2888 1058 2950 uouemere
1081 2869 1200 2934 debuit.

216 2984 350 3051 1101100111
373 2987 518 3072 equidem
542 2986 678 3053 Divinae
701 2987 920 3072 providentiae
939 3009 1007 3053 non
1025 3009 1136 3073 agam,
1158 2992 1275 3077 quippe

170 3131 267 3194 quam
295 3109 365 3194 ipsa
391 3109 508 3193 egerit,
532 3110 630 3193 inque
653 3108 788 3174 historia
809 3109 955 3193 gentium
978 3109 1201 3194 consignatam
1224 3134 1275 3176 re-

168 3229 307 3314 liquerit.
355 3228 430 3294 Bias
464 3229 587 3294 homini
621 3230 746 3294 crudam
780 3228 864 3294 malo
899 3229 1015 3294 dixisse
1050 3230 1167 3297 fertur:
1199 3232 1275 3300 Non

171 3352 278 3416 metuo
306 3372 348 3413 ne
371 3371 438 3415 non
460 3372 579 3436 poenas
602 3351 644 3416 sis
667 3352 818 3429 daturus,
843 3351 897 3414 sed
921 3372 962 3415 ne
986 3371 1046 3435 ego
1069 3351 1104 3417 id
1126 3375 1193 3419 non
1216 3357 1276 3420 sim

170 3472 303 3537 visurus.
349 3470 500 3557 Ineptum
531 3494 607 3537 sane
636 3473 775 3550 dictum,
804 3474 837 3536 et
859 3471 992 3556 quales
1015 3474 1158 3557 sapiente
1181 3497 1275 3540 nemo

170 3593 339 3676 exspectet.
371 3590 457 3657 Dum
480 3593 565 3658 enim
588 3593 821 3678 providentiam
844 3592 1005 3678 agnoscit,
1025 3593 1158 3658 eandem
1177 3595 1273 3660 101111.

170 3713 221 3781 Sic
251 3735 359 3778 sumus
385 3712 539 3778 homines.
586 3714 707 3780 Inclusi
730 3715 875 3800 angustis
897 3715 982 3779 vitae
1005 3713 1093 3779 brevi
1115 3715 1276 3798 periturae

172 3836 332 3914 terminis,
368 3857 434 3899 una
466 3837 553 3900 aetas
582 3838 710 3901 nostrae
741 3835 854 3900 aetatis
885 3834 952 3898 fata
984 3834 1277 3922 vicissitudinesque
1340 3873 1341 3876 ¹

172 3956 348 4041 perspicere
381 3958 413 4020 01
446 3955 602 4041 explicare
631 3956 795 4034 volumus,
827 3977 886 4020 nec
908 3956 1092 4041 respicimus
1114 3961 1278 4043 praeteriti

173 4077 324 4162 temporis
346 4077 540 4141 memoriam.
586 4077 628 4142 In
650 4098 713 4162 quo
736 4077 763 4143 si
785 4075 890 4170 Deum
912 4080 1043 4142 cunctas
1065 4077 1193 4144 fabulae
1215 4081 1277 4144 hu-

173 4219 286 4262 manae
319 4200 425 4283 partes
461 4199 586 4282 egregie
620 4198 819 4283 descripsisse
854 4198 1097 4281 cognoscimus,
1141 4203 1277 4264 eundem

174 4318 326 4402 reliquas,
365 4322 403 4381 ut
438 4318 574 4382 inertem
604 4319 748 4402 poetam,
787 4339 880 4401 quem
914 4316 1032 4382 laboris
1066 4318 1175 4402 piget,
1212 4339 1278 4382 csse

175 4438 393 4522 neglecturum
416 4440 587 4522 putemus?
611 4435 695 4515 Quid
713 4437 859 4523 physici?
882 4436 1001 4527 Nonne
1024 4459 1131 4505 rerum
1154 4437 1195 4504 ab
1218 4439 1278 4536 11ος
1355 4503 1358 4508 .
