3362 5296
523 610 562 656 na
583 611 708 658 varano
729 611 881 658 unrosuo.
1227 587 1288 652 145

181 792 249 856 1010
278 793 434 856 terrarum
465 793 542 858 orbe
572 794 677 860 locum
709 816 776 860 esse
806 793 908 859 doctis
938 791 1121 858 hominibus
1144 789 1283 855 sanctio·

180 933 261 991 rem,
286 911 433 978 Leidensi
455 912 517 979 hoc
536 914 701 981 Senaculo.
875 885 878 892 Ι

222 1031 314 1108 Quod
345 1033 372 1098 si
402 1033 562 1120 peregrini
584 1057 621 1100 ea
645 1035 856 1101 admiratione
880 1035 1066 1111 intuentur,
1091 1033 1167 1118 quid
1191 1033 1284 1098 nobis

180 1175 244 1218 esse
272 1152 372 1218 animi
400 1157 543 1239 oportet,
576 1139 985 1233 considerantibussbano
1008 1154 1183 1238 sapientiae
1205 1175 1283 1237 pru-

182 1273 366 1358 dentiaeque
401 1274 498 1341 fuisse
526 1298 630 1342 arcem
658 1280 691 1341 et
718 1276 808 1361 quasi
835 1275 1043 1360 Capitolium,
1075 1275 1131 1339 ubi
1161 1273 1283 1339 intonsi

178 1397 284 1480 patres
315 1397 354 1458 de
382 1395 477 1460 rebus
508 1396 702 1481 gravissimis
730 1397 955 1475 deliberantes,
988 1395 1167 1480 posteritati
1198 1416 1281 1459 sem·

176 1537 232 1599 per
257 1537 330 1581 suae
353 1515 599 1594 consuluerunt,
623 1517 673 1582 ius
697 1517 766 1582 sine
788 1517 1031 1602 provocatione,
1052 1516 1136 1581 vitae
1157 1535 1282 1600 quoque

178 1639 209 1701 et
240 1636 343 1714 necis,
375 1636 538 1715 dixerunt,
569 1660 705 1722 suosque
735 1637 837 1704 fasces
859 1660 919 1704 nec
940 1638 1082 1723 Regibus
1104 1659 1164 1704 nec
1185 1636 1281 1704 Prin-

179 1756 303 1842 cipibus
326 1757 551 1836 submiserunt.

221 1877 273 1942 111
300 1877 361 1943 1100
384 1861 538 1942 Senaculc
569 1877 732 1963 Europam
759 1879 1066 1963 circumspicientes,
1092 1878 1129 1942 in
1151 1897 1282 1960 parvam

127 2015 129 2020 ·
177 1997 385 2064 Hollandiam
417 2019 529 2064 vocare
551 1999 762 2078 audebamus,
786 2000 940 2085 quidquid
963 1999 1080 2084 ubique
1102 1997 1282 2063 invidendis

175 2119 300 2204 ingenii
330 2122 363 2184 et
391 2120 556 2185 doctrinae
586 2121 734 2186 laudibus
765 2121 936 2186 emineret:
968 2123 1002 2186 ct
1022 2119 1176 2196 Francia,
1201 2116 1280 2184 Ger-

175 2239 303 2318 mania,
333 2239 517 2319 Britannia,
553 2239 721 2320 Helvetia,
756 2241 855 2320 viros,
891 2263 965 2305 suae
998 2239 1120 2326 patriae
1152 2242 1282 2316 decora,

174 2361 277 2427 oculis
298 2359 409 2426 invitis
433 2360 563 2427 Laidem
586 2361 763 2446 migrantes
787 2362 971 2428 cernebant.

219 2481 264 2546 In
293 2481 354 2548 1100
385 2483 521 2566 denique
545 2482 719 2562 80000010,
751 2484 848 2550 iidem
878 2484 927 2548 illi
958 2483 1092 2548 maiores
1122 2482 1225 2549 nostri
1247 2482 1283 2546 in

172 2602 273 2687 pictis
294 2602 487 2688 imaginibus
510 2603 648 2689 spirare,
674 2604 811 2683 moveri,
835 2605 941 2670 vivere
964 2603 1213 2687 adspicientibus
1232 2602 1281 2667 vi-

171 2724 303 2789 dentur.
349 2723 503 2808 Iosephus
534 2724 674 2810 Scaliger
703 2726 739 2791 in
770 2729 847 2810 toga
868 2747 1045 2810 purpurea,
1068 2724 1124 2789 ille
1146 2745 1163 2788 e
1185 2723 1280 2791 Prin-

170 2844 299 2930 cipibus
330 2844 569 2912 Veronensibus
599 2848 633 2910 et
664 2846 720 2929 qui
744 2844 900 2911 Comitem
922 2849 1065 2910 nostram
1087 2845 1280 2929 Magaritam

169 2966 367 3051 cognatione
397 2965 595 3050 attingebat,
628 2965 842 3045 Bcerhavius,
869 2965 1156 3043 'sGravesandius,
1180 2965 1280 3030 Hem-

167 3085 369 3164 sterhusius,
394 3108 492 3170 quae,
517 3089 639 3170 quanta
664 3087 812 3151 nomina!
848 3087 948 3164 Tum,
972 3087 1028 3171 qui
1050 3087 1193 3151 omnium
1213 3107 1279 3150 me-

51 3287 52 3290 *
166 3207 245 3272 dius
281 3206 491 3290 conspicitur,
525 3206 580 3271 ille
612 3206 769 3271 libertatis
798 3206 997 3272 Neerlandae
1028 3210 1060 3271 et
1090 3206 1280 3274 Academiae

165 3329 287 3391 auctor
317 3325 505 3392 Guilielmus
533 3326 565 3405 I,
590 3326 737 3392 inanius
761 3327 860 3392 oculis
884 3331 918 3393 et
940 3328 1033 3393 vultu
1055 3330 1226 3413 prudentia
1249 3334 1281 3395 et

164 3448 357 3514 constantia
379 3448 538 3526 insident,
564 3448 657 3513 nobis
680 3449 720 3513 ab
743 3449 943 3514 adolescente
966 3450 1120 3528 donatus,
1146 3451 1202 3535 qui
1225 3475 1281 3518 sua

163 3570 340 3634 literarum
368 3569 474 3634 studia
502 3571 580 3634 tunc
612 3569 810 3648 absolverat,
835 3593 920 3636 nunc
943 3592 1080 3655 regnum
1103 3593 1140 3636 00
1164 3573 1281 3638 civium

162 3711 304 3756 suorum
327 3710 434 3754 amore
457 3689 549 3775 gerit.

214 3811 340 3888 Quodsi
362 3832 503 3894 unquam
526 3811 645 3875 oratori
667 3833 799 3896 campus
822 3814 863 3876 ad
883 3813 1053 3876 dicendum
1071 3816 1200 3897 apertus
1218 3813 1282 3879 1011

160 3932 366 4010 latissimus,
397 3931 476 3996 011111
505 3953 581 3996 0000
604 3932 657 3997 hic
680 3932 831 4018 aperitur.
879 3933 940 3998 sed
963 3933 1040 3997 satis
1062 3933 1145 4012 dixi,
1169 3938 1206 3999 ut
1228 3937 1279 4001 in-

159 4053 376 4140 telligeretis,
403 4055 560 4138 quantum
585 4053 680 4126 huius
698 4052 907 4119 Academicae
926 4055 1008 4120 sedis
1026 4056 1179 4120 sanctitas
1196 4060 1280 4143 apud

194 4323 243 4375 Ab
263 4323 422 4393 adolescens)
456 4327 520 4390 Rege
538 4325 667 4376 Gnilielmo
685 4328 709 4387 I,
728 4343 802 4392 quum
820 4327 905 4378 studiis
921 4328 1024 4394 peractis
1040 4329 1192 4380 Academiam
1210 4331 1282 4381 relin-

155 4409 266 4474 queret.
285 4407 339 4456 viu
357 4409 445 4458 Annot.
464 4409 493 4457 ad
511 4411 578 4458 Orat.
599 4410 760 4468 Rectoralem‚
780 4411 816 4462 ed
833 4427 870 4476 pr.
888 4428 911 4476 p.
934 4413 979 4459 13⁵
997 4428 1031 4476 sq.
1049 4413 1084 4462 ed.
1099 4413 1141 4461 alt.
1158 4429 1182 4478 p.
1198 4415 1229 4463 83
1247 4431 1281 4480 sq.

154 4491 202 4540 ubi
219 4504 255 4538 ex
272 4488 339 4536 Actis
353 4489 499 4539 (iuratorum
512 4489 637 4540 exhibetur
650 4491 769 4558 Principis
782 4492 883 4558 epistola
895 4493 980 4544 Latine
990 4495 1086 4560 scripta,
1096 4511 1151 4545 cum
1159 4495 1283 4559 leccatori,

153 4571 271 4625 nomine
288 4573 400 4632 Senatus,
420 4588 543 4640 responso,
561 4588 641 4624 mense
658 4573 771 4624 Ianuario
788 4591 808 4624 a.
828 4573 901 4628 1791.

1122 4674 1154 4725 10
