3338 5302
368 564 389 626 6
863 581 970 632 enarro
1048 604 1051 608 -

368 787 509 850 numque
538 768 723 849 adspectum
753 766 905 850 protulit,
938 765 1117 850 Latinoque
1147 787 1292 830 sermone
1322 766 1470 830 reddidit.

368 885 459 962 Quod
482 886 576 951 huius
600 887 801 970 diligentiae,
822 909 903 972 quae
925 887 1103 952 desiderata
1121 909 1215 971 saepe
1233 890 1298 965 est,
1319 887 1472 952 moadiae

370 1007 577 1072 describendo
618 1007 734 1087 defuit,
772 1009 805 1090 id
840 1009 954 1074 deinde
988 1008 1179 1093 supplerunt
1214 1008 1274 1074 viri
1306 1012 1471 1092 praestan-

371 1126 487 1193 tissimi
519 1101 693 1194 Dorvillius
727 1132 760 1194 et
794 1128 938 1207 Loeella,
975 1129 1031 1213 qui
1061 1129 1164 1194 multa
1194 1129 1264 1198 looa
1294 1151 1333 1194 ex
1363 1131 1472 1194 eodem

372 1248 479 1312 oodioe
501 1249 620 1334 partim
643 1252 868 1327 emendarunt,
892 1249 1010 1334 partim
1033 1249 1234 1334 supplerunt.
1274 1248 1473 1333 Simulatque

373 1373 480 1434 autem
503 1370 684 1455 Xenophon
706 1371 892 1456 prodiisset,
917 1393 1042 1448 omnes,
1067 1370 1122 1455 qui
1145 1373 1184 1436 de
1204 1370 1304 1436 literis
1324 1372 1474 1454 poterant

372 1491 529 1569 iudicare,
561 1512 676 1575 eosque
706 1493 874 1576 praecipue
905 1493 989 1557 eires
1019 1495 1162 1568 nostros,
1185 1492 1232 1557 ita
1256 1492 1358 1574 oepit,
1382 1494 1420 1556 ut
1443 1494 1488 1586 et

373 1633 441 1675 non
464 1613 532 1679 siue
555 1612 721 1696 voluptate
744 1612 904 1698 legerent,
928 1617 965 1677 et.
982 1613 1115 1696 indigae
1138 1611 1275 1690 ferrent,
1289 1612 1474 1696 scriptorem

374 1735 442 1796 tam
465 1732 644 1817 elegantem
667 1737 704 1797 et
725 1736 911 1811 venustum,
936 1736 985 1799 tot
1004 1733 1137 1798 maeulis
1155 1755 1222 1804 esse
1242 1728 1472 1810 deformatum,

373 1853 489 1939 quibus
512 1875 619 1931 rerum
642 1856 873 1940 verborumque
895 1855 1115 1939 perspicuitati
1138 1854 1276 1923 multum
1298 1853 1474 1940 splendoris

375 1973 612 2042 detrahebatur.
648 1975 762 2060 ltaque
785 1973 841 2040 alii
863 1975 933 2040 aliis
955 1996 1057 2041 novae
1078 1975 1227 2045 editionis
1250 1977 1342 2042 erant
1363 1978 1473 2042 auoto-

375 2116 442 2173 res‚
473 2095 529 2179 qui
559 2097 593 2160 id
616 2097 643 2161 si
665 2118 723 2181 per
746 2097 876 2182 negotia
898 2098 1059 2180 praestare
1081 2118 1149 2164 non
1170 2098 1336 2180 poterant,
1361 2097 1474 2160 autin

375 2215 476 2294 literis
507 2214 635 2292 Graecis
652 2217 746 2282 uitae
767 2216 1011 2284 tabernaculum
1034 2238 1100 2282 uon
1122 2218 1303 2300 posuerant.
1350 2214 1418 2282 Alii
1439 2218 1475 2304 in

376 2357 412 2399 eo
443 2338 642 2401 emendando
672 2340 705 2402 et
733 2336 923 2405 illustrando
955 2359 1083 2422 operam
1101 2339 1139 2402 'et
1160 2337 1351 2402 industriam
1375 2338 1475 2404 eollo-

374 2456 500 2525 eabant.
558 2455 619 2524 His
661 2457 807 2524 omnibus
847 2457 987 2542 palmam
1026 2458 1201 2543 praeripuit
1241 2457 1387 2524 Tiberius
1421 2459 1475 2524 ille

347 2577 651 2655 'Hemsterhusius,
687 2578 775 2644 ouius
810 2579 971 2664 singulare
1001 2601 1038 2652 ao
1073 2595 1173 2664 prope
1205 2581 1349 2648 divinum
1383 2583 1475 2665 inge·

375 2698 465 2764 nium
492 2698 528 2777 in
550 2698 611 2764 hoo
634 2699 731 2764 etiam
755 2699 864 2777 eluxit.
910 2699 974 2766 Hio
996 2700 1150 2785 plurimas
1173 2701 1314 2768 maculas
1337 2701 1475 2768 formoso

375 2819 501 2902 corpori
531 2820 577 2884 ita
608 2819 703 2897 eluit,
737 2821 774 2882 ut
801 2841 910 2887 omnes
941 2819 1152 2899 mirarentur,
1176 2820 1232 2905 qui
1254 2825 1385 2888 tandem
1407 2822 1476 2886 fieri

371 2941 492 3025 possit,
528 2943 566 3008 ut
599 2940 712 3021 homo,
744 2941 800 3026 qui
832 2940 970 3008 Graecus
1000 2964 1068 3007 non
1090 2944 1172 3008 esset
1196 2945 1309 3022 natus,
1333 2964 1476 3010 sermone

374 3067 483 3129 tamen
508 3062 628 3128 Graeoo
652 3084 684 3127 se
707 3065 813 3128 totum
836 3066 914 3140 adeo
938 3063 1098 3130 imbuerit.

419 3185 487 3250 Ista
520 3188 628 3251 autem
663 3185 832 3262 admiratio
867 3207 949 3269 pene
982 3185 1076 3252 cessit
1106 3185 1142 3248 in
1172 3177 1353 3268 stuporem,
1377 3207 1476 3269 quum

375 3306 562 3391 diligentius
605 3302 729 3382 (lodex,
765 3326 860 3388 quem
896 3305 1052 3383 diximus,
1088 3309 1290 3390 comparatus
1323 3307 1477 3392 plurimas

373 3425 460 3490 illius
480 3405 717 3496 emendationes
736 3426 926 3500 auctoritate
941 3441 1004 3490 'sua
1021 3427 1232 3498 confirmavit,
1247 3469 1288 3477 —
1307 3428 1476 3494 Obeatum

376 3547 531 3613 Graecum
550 3547 753 3632 scriptorem,
771 3547 827 3631 qui
842 3547 940 3613 talem
961 3551 1074 3617 neotus
1086 3548 1183 3616 fueris
1195 3551 1419 3635 interpretem!
1434 3587 1475 3599 -

374 3667 415 3737 In
441 3671 565 3753 partem
595 3667 690 3737 huius
713 3669 819 3736 laudis
839 3670 929 3735 venit
954 3669 1124 3742 Abresohii
1147 3671 1316 3757 diligentia
1339 3675 1371 3736 et
1393 3671 1476 3737 Dor·

372 3789 463 3856 villii.
509 3789 597 3857 Bene
624 3791 722 3858 etiam
745 3793 784 3856 de
805 3791 1019 3877 Xenophonte
1042 3793 1174 3858 meritus
1197 3796 1246 3857 est
1269 3791 1476 3876 Treslingins.

373 3910 414 3990 In
447 3911 508 3976 hoo
542 3912 670 3996 quidem
704 3913 931 3981 assentientem
961 3935 1028 3980 non
1057 3912 1182 3977 habebo
1214 3912 1477 3990 Looellam31ed

374 4033 495 4110 dicam,
532 4035 618 4117 quod
641 4053 691 4098 res
715 4037 771 4102 est.
819 4032 1016 4116 ireslinpius
1040 4032 1201 4117 speeimen
1223 4032 1305 4098 illud
1328 4034 1477 4099 observa-

373 4154 498 4219 tionum
527 4153 652 4217 iuvenis
681 4153 878 4237 conseripsit.
926 4151 1003 4227 Quis
1035 4154 1142 4216 autem
1170 4155 1238 4216 tam
1269 4154 1398 4238 iniquus
1430 4158 1479 4220 est

372 4296 479 4339 rerum
510 4274 647 4352 arbiter,
670 4276 707 4338 ut
734 4273 813 4339 alios
842 4273 923 4337 aliua
951 4273 1064 4338 aetatis
1088 4295 1154 4338 esse
1176 4273 1300 4340 fruetus
1324 4275 1406 4340 nolit
1428 4275 1477 4339 vi·

406 4456 510 4505 Pteria
534 4457 576 4506 ille
599 4454 811 4518 Hematerhasius.)
846 4452 963 4504 laudavit
985 4455 1014 4502 D.
1034 4453 1191 4506 Ruhnkenius
1207 4457 1233 4506 in
1250 4455 1334 4522 illogio
1353 4455 1478 4506 Hemater-

370 4540 446 4596 hasii,
464 4539 499 4586 ed.
518 4537 559 4586 alt.
579 4553 600 4586 a.
619 4535 697 4594 1789,
716 4552 738 4601 p.
759 4538 798 4586 15.
817 4537 903 4600 Opnse.
922 4551 942 4585 a.
961 4535 1040 4594 1823,
1058 4536 1084 4586 Τ.
1103 4537 1124 4586 I.
1142 4553 1165 4601 p.
1184 4537 1240 4589 247.
