3338 5302
620 644 659 688 ns
677 641 823 689 maesse.
1232 623 1273 687 33

169 827 377 910 indagatam,
408 847 465 911 per
486 846 598 891 omnes
620 846 709 904 oras,
733 818 1087 910 regiones‚·ambages,
1110 822 1273 908 persequi·

170 953 241 1025 tur,
265 947 399 1012 alteram
422 947 601 1012 doctrinam
624 969 663 1012 ex
687 946 787 1010 altera
810 945 955 1022 deducit;
979 965 1043 1029 qua
1061 945 1122 1009 sibi
1139 944 1277 1009 invicem

171 1067 382 1144 conveniant,
406 1089 470 1151 qua
492 1067 660 1146 differant,
684 1068 830 1132 accurate
848 1065 1036 1150 distinguit,
1055 1065 1126 1130 loca
1145 1063 1279 1129 obscura

172 1191 243 1258 luce
265 1187 446 1274 perfundit,
471 1190 504 1252 et
525 1208 584 1273 pro
607 1209 731 1252 summa
753 1209 811 1252 sna
834 1186 1016 1272 eloquentia
1035 1187 1074 1250 de
1092 1184 1186 1250 rebus
1202 1184 1278 1248 hor·

174 1310 251 1375 ridie
281 1309 381 1395 polite
411 1308 546 1373 disserit.
592 1307 767 1393 Nunquam
789 1307 909 1394 Belgae
930 1306 1176 1384 obliviscantur,
1200 1327 1280 1389 qua-

174 1431 237 1496 lem
260 1451 297 1494 ac
320 1431 477 1515 quantum
500 1429 727 1515 philosophum
748 1428 922 1494 habuerint
944 1428 1131 1513 Borgerum.

222 1549 310 1616 Haec
344 1549 411 1616 fere
444 1572 483 1616 ex
510 1549 573 1615 ista
605 1549 790 1644 Palmianae
819 1550 974 1615 orationis
1003 1550 1094 1634 parte
1124 1547 1281 1632 excerpsi,

175 1693 271 1757 quam
309 1673 433 1757 partem
467 1671 528 1736 hoc
562 1671 695 1737 consilio
728 1671 832 1737 adhuc
866 1692 965 1737 unam
998 1669 1073 1755 legi.
1131 1668 1284 1752 Reliquae

174 1793 261 1860 enim
293 1792 439 1858 lectionis
473 1780 672 1877 voluptatem
707 1792 786 1857 mihi
814 1792 1003 1858 interdicere
1032 1790 1145 1868 debui,
1179 1789 1284 1873 quoad

175 1915 261 1979 hanc
292 1912 498 1999 scriptionem
528 1935 631 1979 meam
662 1912 875 1979 confecissem.
923 1912 1024 1997 quue
1054 1912 1115 1977 hoc
1137 1909 1198 1976 feci
1219 1910 1284 1975 ini-

177 2035 287 2121 quius,
319 2035 375 2120 qui
403 2034 511 2099 omnia
538 2035 624 2099 tanti
645 2035 769 2120 ingenii
791 2037 999 2101 monumenta
1022 2033 1114 2098 unice
1137 2031 1286 2096 admirari

180 2154 309 2221 soleam.
357 2154 537 2220 Parendum
568 2154 690 2220 scilicet
719 2158 788 2220 erat
809 2154 874 2241 legi
896 2155 1000 2239 operis
1022 2176 1042 2218 a
1063 2175 1114 2218 me
1137 2151 1285 2237 suseepti.

179 2275 213 2344 si
244 2275 301 2359 qui
331 2276 414 2354 sint,
446 2275 501 2360 qui
534 2276 748 2360 suspicentur,
779 2297 829 2341 me
859 2275 1058 2341 contentioni
1088 2273 1287 2360 eloquentiae

180 2399 324 2474 studere,
359 2395 395 2461 hi
429 2417 496 2460 non
529 2396 761 2475 meminerunt,
797 2418 878 2481 quae
911 2397 975 2461 iam
1004 2395 1098 2460 initio
1128 2392 1286 2480 professus

180 2539 270 2595 sum,
303 2520 336 2582 et
367 2539 418 2582 me
448 2520 481 2582 et
508 2516 667 2582 Palmium
696 2518 867 2603 ignorant,
897 2518 1006 2595 illum,
1038 2538 1132 2601 quem
1161 2514 1285 2601 quoties

180 2639 339 2717 audimus,
369 2659 437 2702 non
464 2637 725 2707 facundissimum
752 2639 932 2716 hominem,
963 2638 1018 2704 aed
1047 2638 1150 2723 ipsam
1172 2636 1284 2700 facun-

179 2759 267 2825 diam
297 2779 357 2823 noa
387 2758 496 2824 audine
527 2759 724 2844 profitemur.
770 2758 839 2825 Nec
861 2759 933 2844 plus
954 2759 1010 2824 ille
1032 2759 1126 2824 debet
1141 2745 1284 2833 actioni,

180 2901 278 2966 quam
307 2878 406 2944 habet
433 2879 579 2969 omnium
608 2899 691 2945 unus
721 2879 955 2957 suavissimam,
980 2901 1076 2964 quam
1097 2878 1160 2964 ipsi
1181 2899 1287 2942 rerum

181 3001 413 3085 verborumque
435 3001 667 3086 compositioni.
692 2999 849 3086 Equidem
866 3001 1043 3066 orationem
1058 2999 1145 3064 illius
1161 2999 1284 3084 legens,

182 3122 278 3209 paulo
302 3123 409 3187 minus
431 3122 577 3200 adficior,
601 3143 697 3206 quam
715 3144 815 3206 quum
832 3122 1004 3187 habentem
1020 3121 1156 3188 intueor.
1179 3119 1288 3203 Atque

183 3245 223 3308 ad
253 3244 339 3308 hanc
370 3233 492 3308 Palmii
517 3243 737 3308 excellentiam
766 3243 925 3328 proxime,
956 3243 991 3306 in
1020 3262 1076 3308 suo
1099 3245 1208 3306 tamen
1231 3261 1288 3326 ge·

182 3386 276 3441 nere,
305 3364 437 3429 accessit
458 3363 631 3449 Borgerus,
656 3365 782 3430 actione
803 3363 952 3441 inferior,
976 3366 1090 3430 nactus
1112 3363 1149 3426 in
1170 3385 1208 3427 ea
1231 3383 1289 3427 na-

183 3488 290 3549 turam
320 3485 426 3550 minus
457 3483 639 3562 fautricem,
671 3487 709 3549 ut
739 3484 833 3550 multi
862 3506 934 3549 eum
957 3483 1126 3549 iucundius
1149 3483 1292 3568 legerent

183 3627 281 3690 quam
304 3604 461 3669 audirent.

231 3725 293 3791 Est
322 3721 466 3810 profecto
495 3727 619 3791 unuin
642 3726 791 3792 omnibus
813 3727 1038 3792 humaniorum
1060 3725 1206 3810 gentium
1229 3724 1294 3788 lin-

187 3847 259 3932 guis
294 3845 494 3930 eloquentia,
529 3849 584 3912 sed
618 3847 713 3912 huius
746 3847 846 3932 ipsius
878 3850 929 3911 tot
959 3847 1025 3912 fere
1054 3849 1131 3911 sunt
1160 3867 1296 3931 genera,

186 3970 269 4051 quot
291 3967 451 4044 homines,
477 3968 532 4052 qui
555 3969 683 4052 quidem
705 3969 742 4033 in
765 3969 872 4052 aliquo
896 3988 1028 4033 numero
1047 3968 1187 4033 fuerunt.
1226 3966 1296 4033 No·

185 4091 329 4152 atrorum
357 4088 524 4153 hominnm
555 4088 690 4154 facultas
720 4088 844 4154 duabus
874 4089 972 4174 vulgo
995 4089 1114 4174 linguis
1138 4089 1297 4166 cernitur,

183 4207 321 4292 Belgica
354 4210 387 4272 et
421 4207 548 4272 Latina.
606 4207 751 4293 Utraque
786 4208 921 4274 facultas
956 4209 991 4273 in
1025 4209 1168 4296 Borgero
1201 4209 1299 4274 etiam

186 4329 298 4394 nescio
322 4331 481 4412 quomodo
503 4328 606 4413 magis
629 4350 695 4393 una
714 4333 815 4414 atque
837 4330 946 4395 eadem
968 4329 1079 4395 eluxit.
1117 4330 1202 4395 Nam
1225 4328 1300 4394 Bel·
1438 4367 1442 4374 -

186 4449 264 4536 gica
299 4448 386 4513 illius
420 4448 523 4513 oratio
556 4451 684 4514 tantum
720 4452 761 4514 ad
795 4449 945 4516 Latinam
980 4453 1049 4516 erat
1082 4449 1299 4527 conformata,

191 4571 354 4656 quantum
384 4572 501 4635 natum
531 4569 696 4654 utn'usque
726 4573 897 4656 pateretur.
943 4571 1050 4656 Atque
1079 4571 1141 4636 hoc
1170 4571 1217 4636 ita
1240 4593 1306 4636 non

398 4694 402 4703 ’
1151 4692 1166 4738 a
