3362 5300
366 547 406 634 01
864 587 972 634 carno

366 771 505 839 vivebat.
552 772 618 839 Ubi
654 772 795 851 steterit,
830 777 863 838 et
898 797 940 838 an
975 773 1070 839 hodie
1104 773 1185 852 stet,
1221 773 1339 841 frustra
1371 777 1475 843 adhuc

370 895 519 980 quaesivi.
566 895 691 960 Posteri
716 895 887 960 inscribere
911 895 1101 961 debuerant:
1150 895 1235 962 >illic
1259 896 1394 983 Scoliper
1417 900 1475 963 do·

368 1017 512 1082 ditavit.'’
546 1056 586 1064 —-
620 1016 716 1081 Multi
746 1038 815 1081 eam
845 1017 996 1082 libentius
1019 1017 1169 1082 visissent
1190 1040 1286 1102 quam
1308 1039 1421 1104 regum
1444 1023 1478 1083 et

368 1137 549 1224 principum
569 1138 698 1223 palatia.
721 1177 761 1186 -
782 1138 832 1203 Ibi
852 1137 937 1202 ultra
956 1140 1143 1204 decennium
1161 1139 1327 1205 habitavit.
1362 1140 1479 1205 Postea

370 1260 432 1324 alio
465 1259 602 1344 migrare
634 1259 771 1324 coactus.
818 1258 916 1323 Laida
943 1259 1064 1324 scilicet
1084 1258 1237 1325 crescenti
1258 1259 1400 1344 quotidie
1425 1260 1478 1323 in-

370 1382 511 1446 colarum
543 1400 675 1445 numero
699 1401 799 1464 parva
821 1378 928 1443 fiebat.
975 1379 1136 1444 Plurimae
1160 1378 1272 1445 domus
1294 1380 1477 1446 vendeban-

371 1493 427 1568 tur
450 1500 595 1566 armariis
617 1523 645 1565 a.
674 1501 761 1565 1603
785 1501 818 1564 61
843 1501 930 1566 1604
953 1501 1017 1566 166
1039 1501 1251 1566 venientibus.

417 1622 615 1706 Quemquam
649 1622 836 1707 gravissima
866 1623 980 1707 pestis,
1010 1645 1068 1708 per
1090 1623 1195 1687 totum
1218 1622 1385 1687 biennium
1408 1645 1478 1686 sae·

371 1745 478 1820 viens,
510 1743 629 1807 multos
660 1742 805 1809 homines
829 1746 971 1828 raperet,
996 1743 1222 1807 detrimentum
1246 1743 1334 1808 urbis
1357 1743 1480 1807 exhau-

372 1869 439 1930 stae
462 1885 530 1929 non
553 1864 759 1930 sentiebatur.
806 1863 977 1928 Academia
997 1867 1066 1929 erat
1084 1864 1357 1948 frequentissima3
1373 1864 1477 1928 nemi-

372 2009 446 2052 nem
477 1988 569 2050 tante
598 1988 720 2071 strages
753 1985 914 2050 deterruit.
962 1984 1103 2070 Scaliger
1132 1987 1206 2070 post
1232 1987 1366 2050 multam
1390 1985 1477 2050 solli-

373 2108 546 2172 citudinem
576 2129 676 2172 66666
707 2109 817 2185 aedes,
841 2110 896 2172 sed
923 2106 1140 2191 angustiores,
1164 2106 1307 2184 invenit,
1330 2127 1390 2170 nec
1412 2106 1480 2172 sine

374 2228 519 2294 molestia
548 2229 584 2292 in
613 2229 871 2313 transportandis
902 2227 992 2292 libris
1021 2227 1256 2312 commigravit.
1303 2227 1344 2292 In
1369 2230 1479 2293 eadem

375 2352 470 2414 domo
500 2352 644 2414 mortuus
671 2350 728 2413 cst.
775 2349 900 2413 Natura
924 2349 1003 2414 coeli
1027 2350 1060 2412 et
1083 2348 1205 2413 telluris
1229 2346 1388 2433 Scaligero
1412 2371 1481 2412 non

375 2470 544 2536 arridebat.
592 2469 688 2533 Nunc
720 2469 878 2533 sentiebat
919 2470 1047 2534 tantum
1078 2469 1234 2546 calorem,
1266 2469 1483 2554 quantumin

375 2591 511 2656 F'randa
547 2593 579 2654 et
613 2589 708 2656 Italia
740 2612 905 2675 nunquam
936 2593 1093 2669 senserat,
1124 2591 1337 2675 compositum
1362 2591 1483 2656 scilicet

378 2716 473 2798 atque
494 2712 700 2778 commixtum
717 2711 846 2796 ingrato
868 2711 1015 2776 humore:
1041 2734 1128 2777 nunc
1150 2711 1337 2776 acerrimum
1361 2712 1482 2796 frigus,

378 2834 472 2918 quale
490 2857 520 2898 v.
541 2855 568 2896 c.
589 2854 674 2897 anno
695 2834 781 2898 1608
809 2853 943 2918 magnos
966 2832 1079 2898 fluvios
1101 2835 1135 2897 61
1158 2831 1270 2898 Sinum
1293 2832 1485 2897 Austrinum

378 2955 480 3041 glacie
515 2954 668 3032 durabat,
705 2975 807 3038 neque
840 2954 994 3019 Kalendis
1029 2954 1123 3019 Maiis
1157 2954 1254 3037 plane
1288 2954 1483 3018 discesserat.

378 3076 491 3142 Artem
532 3075 645 3161 glaciei
687 3074 805 3140 ferrato
844 3075 1001 3139 cothurno
1043 3074 1229 3159 crispandac
1264 3077 1305 3139 ad
1337 3075 1481 3160 hyemem

379 3198 602 3263 oblectandam
633 3218 700 3261 non
726 3195 865 3262 tenebat.
913 3194 956 3259 Et
979 3196 1035 3259 ubi
1057 3195 1240 3261 didicisset?
1287 3195 1485 3281 Quamquam

378 3319 413 3383 in
445 3319 619 3384 Hollandia
649 3318 713 3381 iam
744 3320 814 3382 tum
844 3316 1015 3381 haberetur
1045 3316 1285 3394 honestissima,
1318 3320 1351 3382 et
1376 3317 1487 3383 Dousa

380 3461 476 3504 senex
505 3439 666 3516 didicerit,
699 3441 737 3501 ut
764 3441 875 3523 postea
907 3436 1138 3504 Constantinus
1169 3437 1338 3523 Hagenius
1369 3443 1402 3503 et
1432 3440 1488 3504 alii

380 3560 540 3646 principes
562 3560 598 3624 in
621 3559 783 3644 republica
805 3558 875 3623 viri.
923 3556 1035 3643 Neque
1057 3557 1198 3643 Scaliger
1220 3558 1328 3643 ignem
1349 3559 1486 3624 Hollan-

381 3685 475 3759 dum,
519 3703 536 3745 e
576 3679 747 3765 cespitibus
788 3681 971 3756 incensum,
1015 3679 1160 3756 amabat,
1202 3679 1292 3764 lig‘no
1334 3683 1487 3745 assuetus.

382 3802 486 3878 Quum
518 3802 656 3888 primum
689 3801 798 3866 amicis
823 3801 863 3864 ad
887 3800 993 3865 focum
1015 3801 1200 3866 sedentibus
1225 3801 1393 3879 intererat,
1417 3803 1488 3887 661-

383 3925 482 3989 lorem
512 3924 548 3987 in
576 3922 720 3987 omnium
752 3921 892 3987 vultibus
921 3921 1072 3999 notabat,
1103 3925 1135 3985 et
1158 3943 1198 3986 ne
1221 3921 1260 3985 iis
1283 3923 1365 3986 male
1389 3927 1488 4000 esset,

383 4046 554 4110 metuebat.
600 4043 653 4107 Illi
681 4043 743 4107 hoc
771 4065 811 4106 ex
834 4041 991 4106 bitumine
1013 4045 1046 4106 61
1069 4042 1220 4127 sulphure
1242 4043 1398 4127 cespitum
1421 4043 1492 4108 ficri

383 4165 688 4252 interpretabantur.
741 4163 872 4229 Leidam
906 4163 1068 4227 interdum
1102 4164 1239 4228 vocabat
1271 4165 1421 4250 paludem
1455 4165 1492 4228 in

379 4353 531 4367 m

420 4472 499 4519 Nonne
512 4469 593 4518 aedes.
606 4503 627 4516 ..
650 4466 806 4531 amantiores)
836 4465 891 4514 Vid.
915 4465 1029 4529 Scaligeri
1053 4467 1129 4534 Epist.
1148 4467 1177 4516 ad
1195 4465 1359 4518 Caecubonum
1377 4483 1398 4516 a.
1420 4466 1496 4523 1607,

386 4571 408 4621 p.
429 4554 477 4602 330
495 4555 519 4602 et
537 4551 592 4600 332.
611 4548 651 4601 ubi
669 4564 707 4598 ens
721 4549 894 4614 parpmtiolum
912 4550 987 4598 vocat.
