3362 5300
563 559 757 608 1111111111
773 555 973 604 ascribamus,
1277 535 1319 596 69

214 751 296 816 rent
344 703 510 830 Peregrini
546 765 646 808 novas
676 742 799 808 scholas
830 741 1089 826 frequentantes,
1124 739 1320 804 Hollandam

215 867 434 953 diligentiam,
467 865 636 930 candorem
659 868 692 928 et
714 861 908 946 probitatem
931 861 1184 945 cognoscebant,
1209 882 1323 945 easque

215 989 325 1054 laudes
355 986 568 1072 praedicando
600 984 686 1048 inter
709 1003 781 1047 suos
804 981 1065 1046 disseminabant.
1112 979 1224 1046 Nostri
1247 981 1323 1045 ado-

216 1111 370 1174 lescentes
407 1106 473 1170 iam
512 1105 598 1169 domi
630 1103 809 1181 habebant,
847 1105 933 1187 quod
965 1105 1060 1167 antea
1093 1102 1170 1168 foris
1207 1122 1325 1188 magno

218 1231 326 1294 sumtu
350 1230 383 1292 et
405 1248 499 1312 saepo
521 1247 646 1290 morum
671 1225 861 1290 detrimento
883 1227 953 1289 erat
971 1225 1196 1308 quaerendum.
1227 1223 1328 1288 Fooos

218 1352 370 1436 paternos
400 1369 524 1425 amare,
558 1369 615 1411 sua
645 1347 732 1410 bona
761 1366 871 1422 nosse,
902 1365 1006 1409 mores
1036 1347 1070 1408 et
1097 1345 1248 1408 instituta
1270 1345 1327 1409 do-

219 1469 350 1535 mestica
372 1471 499 1544 tenere,
525 1467 685 1532 saeculum
708 1465 820 1544 fiebat,
845 1466 1052 1549 vertebatque
1067 1487 1085 1530 1
1100 1466 1330 1531 consuetudine

220 1593 256 1656 in
279 1591 438 1654 naturam.
478 1586 542 1651 Hic
564 1587 624 1651 filii
646 1589 875 1663 mercatorum,
900 1587 1067 1672 opificum,
1086 1586 1260 1664 nobilium,
1277 1585 1331 1651 hio

220 1711 282 1796 ipsi
312 1709 421 1794 stirpis
449 1707 697 1773 Arausionensis
720 1707 885 1792 Principes
908 1707 948 1771 ad
971 1707 1206 1772 humanitatem
1228 1706 1330 1771 infor-

224 1832 414 1906 mabantur,
449 1830 483 1893 11
505 1829 678 1894 audiebant
700 1831 801 1906 artes,
826 1827 919 1892 sicuti
943 1827 1130 1893 Guilielmus
1153 1828 1274 1912 primus
1296 1829 1332 1892 in

224 1951 409 2037 Diplomate
432 1950 617 2015 condendae
638 1948 829 2014 Academiae
848 1951 1073 2026 mandaverat,
1094 1951 1203 2035 quibua
1222 1949 1333 2014 liberae

227 2074 382 2148 ciuitates,
407 2073 493 2136 omui
514 2071 678 2156 tyrannide
699 2069 838 2146 1111111,
864 2081 940 2134 recte
957 2081 1084 2156 poscent
1105 2070 1332 2134 administrari.
1391 2102 1394 2106 ·

227 2191 280 2258 Sic
309 2214 359 2256 res
389 2192 548 2256 maiorum
577 2190 763 2254 incredibile
796 2190 884 2253 dictu
914 2193 980 2267 111,
1011 2193 1149 2274 quantas
1180 2190 1262 2255 vires
1291 2211 1332 2255 ex

227 2335 312 2378 nova
343 2311 516 2377 Academia
545 2311 701 2376 sumserit.
749 2309 861 2394 Neque
891 2310 1015 2376 minora
1045 2315 1138 2376 erant
1167 2312 1333 2376 commoda

228 2435 268 2498 ad
298 2434 401 2519 ipsam
432 2433 543 2499 urbem
565 2405 744 2510 venientia,
768 2433 854 2515 quod
875 2431 1022 2516 inprimis
1044 2433 1243 2498 intellectum
1265 2436 1331 2511 est,

227 2577 268 2619 ex
296 2576 376 2639 quo,
408 2555 533 2618 mutata
562 2553 710 2638 Europae
739 2552 940 2631 conditione,
964 2556 1142 2618 mercatura
1165 2554 1250 2638 apud
1272 2576 1333 2619 nos

228 2675 384 2753 decrevit,
416 2676 494 2740 adeo
525 2678 563 2739 ut
592 2674 653 2739 hoc
681 2675 909 2739 detrimentum
931 2673 988 2739 illo
1011 2678 1108 2739 auctu
1132 2675 1332 2760 aliquatenus

228 2799 401 2880 pensarent
431 2798 465 2860 et
487 2796 674 2860 solarentur.
722 2796 773 2860 Ita
796 2817 915 2860 meroes
937 2798 969 2860 et
991 2795 1115 2861 fructus
1138 2798 1242 2862 avitae
1264 2798 1332 2883 pio·

228 2917 306 2980 tatis
328 2915 422 2980 hodie
444 2937 571 3000 quoque
593 2915 629 2979 in
652 2919 784 3000 nepotes
806 2918 997 2982 redundant.

141 3043 145 3050 '
276 3035 345 3101 Iam
375 3037 402 3100 si
433 3058 542 3100 causas
571 3037 778 3121 indagemus,
812 3058 868 3101 cur
900 3040 1040 3101 caeterae
1067 3037 1133 3102 fere
1161 3060 1271 3104 omnes
1297 3041 1333 3104 in

230 3155 360 3241 Europa
383 3154 530 3220 conditae
552 3156 619 3219 sint
640 3155 846 3234 Academiae,
870 3157 1061 3242 reperiemus
1083 3160 1134 3223 vol
1156 3181 1253 3224 unam
1274 3160 1333 3225 ho·

231 3277 461 3354 nestissimam,
493 3277 610 3341 artium
639 3278 916 3363 doctrinarumque
944 3282 1224 3364 propagandarum
1247 3285 1337 3369 cupi·

231 3398 382 3474 ditatam,
406 3397 455 3462 vel
479 3417 590 3482 regum
614 3401 647 3463 11
670 3399 852 3484 principum
871 3400 1095 3479 ambitionem,
1116 3404 1167 3467 vel
1186 3403 1351 3470 invidiam·

233 3522 267 3583 et
297 3517 552 3583 aemulationem.
598 3518 744 3585 Honesta
766 3520 822 3584 illa
845 3543 939 3586 causa
961 3521 1077 3587 Leidae
1100 3545 1172 3587 cum
1191 3524 1262 3589 aliis
1280 3525 1343 3590 fuit

135 3713 138 3717 ,
232 3639 430 3716 communis,
463 3639 517 3703 scd
549 3639 650 3705 altera
673 3641 820 3725 propria,
844 3642 929 3726 quod
952 3663 1067 3727 nempe
1088 3643 1261 3708 Academia
1284 3669 1342 3710 sua

234 3764 401 3845 tamquam
424 3759 643 3826 fundamentis
665 3761 742 3838 fido,
767 3762 902 3840 virtute,
926 3783 1032 3826 amore
1055 3761 1211 3828 libertatis
1235 3768 1267 3828 et
1283 3789 1342 3850 pa-

232 3881 316 3944 triae
340 3881 384 3945 sit
406 3881 520 3965 posita.

280 4000 383 4066 Huius
413 4004 481 4065 tam
513 4005 667 4088 augustae
699 4005 832 4090 originis
865 4007 1017 4072 memoria
1048 4008 1075 4072 si
1103 4009 1212 4073 animo
1242 4009 1345 4075 cuius-

238 4143 335 4206 quam
358 4122 501 4187 oxcidere
524 4127 648 4208 posset,
672 4126 723 4190 vel
746 4126 813 4211 ipse
837 4127 925 4192 urbis
948 4128 1132 4214 adspectus,
1157 4150 1347 4214 magnorum

237 4241 378 4306 virorum
401 4243 576 4328 imagines,
602 4245 703 4310 multa
726 4269 832 4311 rerum
855 4252 1064 4314 monumenta
1087 4253 1119 4313 et
1142 4249 1274 4314 nomina
1296 4272 1346 4315 11-

238 4367 398 4428 vocarent.
448 4364 509 4429 Sed
540 4388 577 4429 ea
609 4388 732 4452 semper
762 4367 873 4433 habita
903 4369 966 4434 fuit
995 4371 1152 4448 sanctior,
1184 4393 1281 4455 quam
1312 4374 1350 4436 ut

239 4505 308 4548 non
330 4486 457 4550 cunctis
480 4487 642 4552 mentibus
666 4489 795 4574 penitus
818 4489 917 4555 infixa
940 4490 1093 4556 haereret.
1130 4490 1238 4576 Atque
1258 4492 1352 4559 huius
