3338 5302
525 579 527 584 ,
553 549 592 596 or
612 550 759 602 meremor
776 551 901 600 ormcro.
1241 538 1282 603 59

172 757 230 804 sua
264 734 467 821 prodigentia
502 734 591 819 plus,
629 756 726 820 quam
757 737 843 822 quod
876 738 982 818 adest,
1014 739 1163 824 perdunt
1210 739 1282 808 Suis

173 859 250 924 adeo
274 856 336 941 ipsi
359 855 525 920 moenibus
549 855 680 922 arietem
703 859 892 934 admovent,
917 858 1002 924 faces
1025 861 1172 926 ardentes
1190 861 1283 946 tectis

172 977 317 1044 inferunt
340 981 372 1042 et
394 977 582 1044 innocentes
605 976 721 1043 liberos
744 979 963 1064 strangulant,
987 980 1015 1046 si
1038 1002 1057 1046 a
1079 984 1193 1046 notata
1208 1002 1284 1066 pro-

174 1098 335 1164 videntiae
350 1097 502 1182 -vestigiis
524 1098 637 1164 semita
659 1101 777 1164 temere
801 1099 976 1166 discedant.

220 1218 319 1284 Videt
353 1217 413 1284 hos
447 1218 605 1284 tumultus
639 1221 672 1282 et
701 1219 930 1303 trepidationes
961 1219 1047 1286 Deus
1077 1222 1284 1302 immortalis,

176 1340 264 1407 videt
298 1339 454 1406 malitiam
485 1343 517 1404 et
547 1339 762 1419 ferocitatem,
793 1341 881 1407 videt
909 1341 1068 1409 insaniam
1098 1345 1131 1407 et
1160 1343 1286 1410 foedam

177 1460 329 1526 vitiorum
364 1461 543 1538 sentinam,
580 1462 613 1524 et
646 1460 734 1525 lento
769 1464 918 1546 certoque
954 1462 1056 1547 gradu
1091 1485 1148 1548 per
1177 1466 1287 1530 tantos

177 1581 295 1646 fluctus
330 1583 598 1666 tempestatesque
629 1580 821 1664 procedens,
857 1604 875 1646 a
904 1603 939 1648 se
968 1582 1037 1668 ipse
1068 1605 1125 1650 nec
1156 1585 1288 1652 consilio

178 1724 236 1770 suo
268 1703 410 1770 discedit.
459 1699 556 1768 Cuius
588 1701 714 1768 consilii
744 1701 902 1768 rationem
928 1725 996 1770 essa
1019 1725 1118 1772 unam
1138 1704 1288 1772 humani-

178 1823 257 1890 tatis
280 1822 483 1900 felicitatem,
508 1823 563 1888 sed
586 1844 661 1888 vera
684 1822 803 1888 virtute
825 1811 1011 1903 fundatam,
1033 1846 1127 1892 nemo
1147 1827 1289 1905 dubitet,

179 1945 236 2030 qui
259 1966 298 2008 ex
320 1945 371 2008 tot
392 1943 484 2008 malis
507 1945 633 2009 tantum
660 1943 819 2012 bonorum
841 1944 918 2010 oriri
941 1945 1057 2010 videat.

226 2064 380 2130 Iacebant
397 2063 543 2148 'Assyrii
590 2063 781 2148 Regnarunt
802 2063 888 2128 Medi
911 2067 944 2129 et
966 2063 1145 2149 Babylonii.
1191 2066 1291 2135 Venit

181 2187 285 2272 Cyrus
322 2221 362 2240 -»
397 2184 513 2249 horum
548 2183 651 2248 deleta
685 2187 734 2248 est
766 2185 921 2269 potentia.
981 2185 1093 2252 Persas
1126 2187 1293 2272 fregerunt

181 2306 390 2384 Macedones,
414 2303 605 2370 Macedones
627 2303 782 2384 Romani,
802 2305 965 2372 Romanos
985 2307 1193 2375 barbararum
1213 2329 1292 2394 gen·

182 2430 265 2494 tium
288 2427 436 2494 colluvio.
483 2425 534 2498 Ex
555 2425 615 2490 hac
638 2425 835 2505 colluvione,
860 2429 898 2492 ut
919 2450 959 2493 ex
981 2428 1053 2493 rudi
1070 2429 1293 2514 indigeamus

182 2551 268 2618 mole
298 2550 375 2616 haec
406 2548 519 2614 mundi
549 2546 771 2632 pulchritudo,
803 2547 968 2634 Europeae
995 2549 1143 2619 nationes
1165 2550 1292 2636 prodie-

182 2675 279 2749 runt,
311 2673 344 2736 et
374 2671 415 2736 ab
446 2669 577 2754 ingenio
607 2671 641 2734 et
669 2672 796 2734 eterra
817 2669 865 2735 ita
887 2671 1034 2754 paratae,
1059 2673 1114 2748 ut,
1138 2671 1293 2755 quidquid

183 2793 302 2877 ubique
332 2792 375 2856 sit
403 2789 575 2877 praeclari,
606 2789 643 2854 in
674 2811 707 2856 se
738 2790 919 2868 continere,
951 2793 985 2856 et
1014 2813 1125 2856 omnes
1156 2791 1293 2876 reliquas

184 2916 299 3001 gentes
324 2915 365 2978 ad
387 2912 622 2979 humanitatem
641 2909 817 2976 informare
839 2911 973 2996 possint

233 3035 346 3100 Omnis
376 3033 441 3100 fere
471 3032 645 3118 antiquitas
676 3032 850 3116 plurimum
873 3032 983 3097 debuit
1005 3033 1169 3100 universae
1193 3031 1292 3100 Graa-

187 3159 271 3236 ciae,
302 3179 399 3242 quam
425 3157 503 3222 adeo
527 3154 617 3239 quasi
639 3175 841 3218 communem
864 3144 1002 3218 melioris
1024 3153 1108 3219 vitae
1131 3157 1293 3218 auctorem
1427 3214 1429 3219 .

187 3278 300 3364 populi
330 3279 371 3343 ab
402 3300 439 3344 ea
467 3275 582 3342 eruditi
605 3274 850 3340 venerabantur.
896 3272 1064 3340 Praeclara
1085 3295 1149 3340 vox
1170 3274 1295 3342 catilla

188 3399 365 3477 Ciceronis,
398 3397 517 3474 Quinto
548 3395 642 3462 fratri
673 3395 855 3474 suadentis,
887 3398 938 3473 ut,
968 3396 1129 3480 aquibus
1152 3397 1194 3461 cd
1217 3395 1296 3464 alios

187 3492 384 3607 pervenisset
411 3518 611 3596 humanitas,
642 3516 681 3582 iis
711 3516 946 3585 humanitatem
977 3518 1126 3603 inprimis
1154 3521 1296 3602 praesta·

189 3644 248 3708 ret
295 3640 456 3726 Europam
479 3638 664 3704 humanitas
686 3638 849 3724 reliquisse
871 3638 1054 3716 videbatur,
1079 3660 1177 3722 quum
1196 3657 1297 3721 genus

191 3762 363 3828 eorundem
406 3759 621 3837 Graecorum,
656 3759 823 3845 pellendae
857 3781 915 3845 per
949 3761 1033 3824 artes
1066 3778 1103 3824 ac
1135 3756 1297 3826 doctrinas

190 3883 356 3950 barbariae
379 3882 507 3966 signum
528 3880 721 3948 extulerunt.
767 3879 801 3947 Si
823 3879 982 3966 Europaei
1003 3878 1141 3966 gratiam
1160 3900 1228 3945 non
1247 3900 1298 3943 re-

191 4005 317 4084 ferunt,
341 4006 445 4089 agunt
468 4003 590 4070 saltam.

237 4125 300 4194 Sed
323 4124 409 4190 Deus
432 4122 607 4208 Europaeis
630 4145 705 4190 usus
727 4125 777 4188 est
794 4123 836 4188 ad
853 4123 974 4188 maiora
990 4121 1209 4207 providentiae
1227 4141 1301 4186 suae

199 4349 394 4364 Μ

232 4504 358 4565 cmii)
383 4502 458 4568 Epist.
477 4502 506 4552 ad
523 4499 642 4566 Quintum
659 4501 689 4552 tr.
709 4502 734 4552 Ιι.
755 4502 775 4550 1.
794 4501 837 4565 Ep.
859 4501 880 4550 1.
899 4517 918 4549 c.
937 4501 959 4549 9.
975 4498 1036 4563 §aa
