3362 5296
381 487 442 562 Ι900
734 509 838 569 aaron
859 513 979 570 clenna
999 517 1130 572 bremon

448 701 585 770 Maiores
607 706 743 770 volvunt
766 710 798 770 et
820 707 952 772 Rhenus
975 712 1007 773 et
1028 708 1114 774 Isale
1136 709 1269 775 fluctus:

538 823 726 909 Exsurgunt
747 828 878 892 tumidis
901 827 1033 894 Hunsus
1057 832 1089 895 et
1112 829 1187 896 Aha
1208 830 1307 894 vadis.

447 942 548 1008 Arma
566 945 627 1009 viri
647 945 803 1026 clamant,
821 949 952 1014 iuvenes
971 971 1072 1028 arma,
1093 972 1195 1027 arma,
1215 950 1433 1034 frequentant:

538 1065 658 1146 Minis,
683 1072 763 1152 quot
786 1092 951 1155 nunquam
974 1071 1080 1155 patria
1103 1071 1200 1150 vidit,
1225 1075 1315 1137 eunt.

447 1183 524 1251 Non
547 1208 666 1273 genus,
686 1194 748 1254 vaut
769 1192 897 1275 proavi,
921 1214 987 1257 non
1011 1192 1119 1259 divitis
1143 1194 1209 1257 otia
1232 1194 1336 1273 vitae,

537 1309 613 1375 Non
635 1311 778 1375 retinent
800 1333 890 1376 cerae
913 1313 1019 1377 dulcia
1042 1313 1148 1378 vincla
1172 1316 1295 1380 domus.

445 1428 538 1514 Ipsae
561 1431 657 1495 etiam
681 1436 815 1510 matres,
840 1436 956 1497 matres
979 1433 1184 1518 lacrymabile
1206 1436 1332 1513 rident,

505 1593 512 1608 ·
534 1551 696 1636 Armaque
719 1553 798 1616 dant
821 1554 906 1617 natis
928 1556 1008 1617 dura
1030 1557 1188 1620 tremente
1210 1577 1319 1620 manu.

443 1670 605 1737 Dilectum
626 1673 790 1756 trepidans
813 1674 904 1759 virgo
927 1675 1075 1758 producit
1098 1677 1252 1753 amicum,

534 1794 680 1879 Ingenuo
707 1799 833 1860 teneras
856 1796 959 1860 tincta
982 1797 1097 1862 rubore
1121 1818 1229 1883 genas.

443 1914 622 1999 Exsuperat
645 1919 776 1981 cunctos
798 1917 922 2000 patriae
944 1917 1008 1980 iam
1031 1938 1149 1982 nomen
1172 1939 1312 1983 amores:

531 2036 603 2102 Hoc
625 2058 690 2101 uno
714 2037 840 2102 nullum
863 2041 911 2102 est
933 2037 1056 2102 dulcius
1081 2042 1137 2102 aut
1159 2039 1282 2104 melius.

443 2156 519 2231 Quis
541 2161 690 2222 numerat
712 2159 810 2223 lectas
833 2159 868 2222 in
891 2158 1019 2242 publica
1044 2160 1208 2224 commoda
1229 2164 1351 2245 ganas?

532 2275 680 2361 Adspicit
700 2281 860 2342 undantes
881 2279 938 2343 lux
962 2301 1045 2344 nova
1068 2302 1192 2364 semper
1214 2303 1299 2365 opes.

440 2398 620 2483 Porrigitur
642 2423 791 2464 nummus
815 2421 900 2464 seros
923 2401 1083 2485 quaesitus
1105 2401 1140 2464 in
1164 2424 1248 2466 usus.

532 2520 683 2606 Largitur
706 2521 819 2585 viduae
841 2521 977 2606 prodiga
1000 2525 1112 2586 dextra
1135 2524 1271 2608 stipem'

442 2641 546 2708 Stulte
565 2642 641 2727 quid
660 2641 734 2707 huic
751 2641 870 2727 populo
891 2643 1043 2726 opponis,
1057 2643 1240 2728 Leopolde?
1256 2642 1430 2727 Cohortes,

510 2760 644 2828 Conscia
666 2785 746 2846 quas
771 2761 895 2826 sceleris
918 2785 1008 2827 mens
1032 2764 1100 2848 agit
1124 2785 1220 2850 aegra
1244 2767 1302 2830 sui.

440 2882 487 2949 At
513 2883 582 2949 noli
604 2883 786 2949 Hollandae
812 2884 934 2949 catulos
957 2906 1071 2948 vexare
1094 2886 1240 2963 leaenae,

507 3004 584 3071 Non
607 3005 795 3090 profecturis
819 3027 948 3089 parcere
971 3007 1055 3070 disce
1079 3007 1184 3071 minis.

439 3128 648 3214 Magnanimo
669 3127 800 3191 tandem
824 3127 907 3190 cedit
930 3127 1086 3210 patientia
1110 3130 1197 3213 regi:

528 3245 693 3332 Lentaque
716 3247 891 3311 vindictam
913 3247 1036 3331 cogitat
1057 3248 1115 3311 ira.
1164 3247 1259 3314 Cave.

398 3396 399 3400 ¹
439 3369 510 3446 Sol,
533 3369 589 3453 qui
611 3389 770 3451 purpureo
791 3368 896 3431 lucem
918 3366 1023 3444 vehis,
1048 3389 1160 3447 auree,
1185 3391 1298 3447 curru,

528 3487 626 3553 Hunc
647 3487 736 3551 radio
758 3487 884 3551 illustra
907 3488 1120 3571 splendidiore
1144 3490 1248 3554 diem!

437 3608 572 3696 Surgere
596 3630 786 3695 magnarum
809 3608 890 3673 vises
913 3609 1092 3692 spectacula
1115 3632 1232 3675 rerum.

525 3731 725 3797 Hollendum
747 3730 864 3814 Belgas
888 3730 1009 3815 gande
1031 3731 1183 3815 probabit
1205 3754 1294 3816 opus.

434 3850 504 3915 Iam
536 3853 633 3915 micat
664 3873 824 3915 armorum
847 3850 965 3936 fulgur.
1013 3851 1109 3916 Stant
1135 3851 1265 3936 pulvere
1289 3853 1405 3937 campi.

525 3972 684 4056 Mistaque
707 3993 779 4035 cum
802 3971 890 4035 lituis
912 3976 1068 4058 tympana
1091 3973 1184 4056 pulsa
1209 3977 1338 4038 sonant.

433 4094 503 4160 Iam
527 4091 677 4177 pulchrae
701 4092 816 4156 devote
838 4091 991 4157 incedunt
1014 4094 1144 4176 agmina
1168 4093 1284 4171 morti,

507 4215 611 4280 ·Dum
632 4213 770 4296 patriam
794 4215 826 4277 et
847 4231 955 4296 regem
979 4235 1055 4278 voce
1077 4214 1233 4279 fremente
1257 4219 1389 4280 canunt.

431 4336 481 4400 Ac
506 4335 603 4400 veluti
624 4333 756 4418 exiguus
778 4332 956 4419 quondam,
981 4357 1067 4399 nunc
1090 4336 1246 4401 imbribus
1272 4340 1408 4416 auctus,

522 4456 571 4519 De
594 4458 702 4519 monte
724 4455 759 4518 in
782 4452 924 4537 trepidos
947 4455 1086 4520 volvitur
1110 4458 1215 4524 amnis
1240 4477 1334 4542 agros
1348 4455 1365 4524 ι’
