3362 5300
403 569 446 628 80

404 767 536 852 legalis,
567 768 714 832 induciae
742 789 763 830 e
790 765 900 851 Belgis
929 766 1072 850 quotidie
1093 765 1273 842 violantur,
1297 765 1401 828 nostri
1422 764 1509 828 indi·

404 888 479 972 guis
512 887 615 951 modis
648 887 856 952 lmffluntur.
901 886 988 950 Illud
1021 891 1149 970 tempus
1170 885 1334 950 Hollaudo
1357 883 1508 948 exercitui

405 1009 543 1072 maxime
566 1007 745 1072 miserabile
765 1007 846 1084 fuit,
870 1007 1040 1091 praecipue
1062 1006 1330 1082 adolescentibus,
1355 1025 1507 1087 quorum,

405 1129 560 1212 quidquid
592 1132 757 1212 ageretur,
788 1128 822 1191 id
849 1127 914 1191 cito
937 1127 992 1211 agi
1013 1127 1178 1190 intererat
1224 1127 1325 1190 Arma
1347 1147 1507 1200 exercere,
1646 1093 1647 1120 ¹

405 1249 531 1333 vigilias
559 1270 670 1332 agere,
698 1269 818 1332 pagum
840 1249 977 1312 subinde
998 1270 1071 1312 cum
1093 1269 1178 1332 qu
1197 1251 1339 1322 mutare,
1363 1248 1391 1310 si
1413 1268 1507 1329 quam
1646 1235 1647 1258 ¹

404 1369 500 1433 initio
540 1369 690 1433 babuerit
730 1369 981 1440 iucunditatem,
1023 1391 1093 1432 eum
1128 1367 1358 1432 consuetudine
1393 1365 1505 1430 amisit.

404 1489 518 1554 Studia
551 1489 717 1553 literarum
750 1493 940 1564 retractare,
970 1489 1038 1552 vita
1066 1489 1192 1570 inquies
1220 1493 1254 1550 et
1281 1507 1416 1570 operosa
1442 1507 1506 1549 non

405 1611 598 1694 patiebatur.
644 1609 765 1684 meus
794 1613 893 1673 noctu
924 1630 991 1673 nou
1022 1613 1092 1672 erat
1113 1608 1354 1685 excubandum,
1378 1607 1414 1670 bi
1435 1627 1506 1691 pro-

405 1734 478 1815 pter
508 1730 640 1794 diurnos
669 1730 794 1794 labores
820 1751 968 1794 somnum
990 1732 1099 1793 tenere
1129 1751 1196 1793 non
1226 1732 1388 1812 poterant.
1435 1727 1507 1792 Non

404 1851 513 1915 deerat
541 1872 724 1915 sermonum
754 1852 918 1928 materies,
949 1853 1005 1915 sed
1031 1851 1071 1914 de
1094 1850 1166 1915 aliis
1188 1851 1376 1934 plerumque
1398 1850 1508 1924 rebus,

404 1993 502 2055 quam
535 1973 575 2036 de
607 1972 743 2036 Platone
773 1975 806 2036 ot
834 1971 991 2056 Virgilio,
1019 1993 1079 2036 nec
1108 1971 1282 2055 quidquam
1311 1971 1508 2054 frequentius

404 2091 455 2156 his
483 2093 615 2157 vocibus
642 2093 788 2157 nuditum
818 2096 881 2156 est:
932 2091 1063 2172 &eundo
1093 2094 1220 2156 dabitur
1250 2093 1361 2169 Ιιοεείε,
1387 2093 1508 2178 meando

402 2213 631 2300 pirqrmtimm?
682 2213 753 2277 Iam
789 2213 960 2298 proponite
992 2213 1083 2277 vobis
1115 2217 1192 2276 ante
1225 2212 1333 2277 oeulos
1367 2216 1508 2276 catervas

405 2331 568 2416 Belgicae,
603 2336 671 2396 tam
703 2355 803 2418 prope
837 2333 957 2397 finibus
994 2334 1112 2398 nostris
1145 2335 1370 2411 imminentes,
1406 2333 1508 2398 videte

405 2453 562 2537 agricolas
591 2453 760 2537 spoliatos,
783 2458 931 2530 vexatos,
953 2454 1082 2518 occisos.
1128 2454 1249 2518 Audite
1271 2455 1436 2518 latronum
1458 2454 1507 2516 iu·

405 2573 545 2637 solenter
585 2595 618 2637 se
659 2573 858 2638 efferentium
898 2575 1095 2638 iactantiam.
1150 2573 1195 2639 Et
1227 2579 1354 2651 tamen,
1389 2596 1410 2638 o
1443 2596 1508 2638 rem

404 2693 622 2758 incredibilem
652 2697 685 2758 et
712 2694 897 2779 indignam,
926 2695 1002 2777 quia
1027 2717 1084 2759 rex
1107 2695 1285 2760 Gulielmus
1303 2697 1340 2760 in
1362 2697 1509 2780 pactione
1639 2722 1646 2754 κ

404 2814 606 2879 induciarum
628 2815 795 2892 manebat,
819 2815 904 2880 hauc
926 2815 1116 2900 religionem
1138 2816 1325 2880 clamatores
1347 2817 1385 2880 iu
1407 2816 1508 2880 tn'bu·

405 2935 472 2999 nali
499 2933 718 3012 Bruxellensi‚
741 2935 921 3000 Thrasones
943 2936 980 3000 in
1003 2937 1115 3000 cestris
1138 2940 1171 3000 et
1193 2937 1335 3014 insidiis,
1359 2941 1510 3002 terrorem

405 3055 708 3140 interpretabamur.
757 3055 876 3132 Quodsi
896 3079 1039 3140 uuquam
1056 3056 1242 3140 cuiusquam
1261 3057 1419 3122 exercitus
1440 3063 1510 3122 ten-

407 3178 476 3240 tata
506 3176 570 3240 fuit
599 3177 770 3261 patientia,
799 3176 955 3241 Hollandi
984 3198 1022 3240 eo
1053 3178 1195 3263 tempore
1217 3178 1290 3242 fuit
1336 3178 1510 3255 ‘tulerunt

408 3297 493 3378 passi
522 3301 615 3372 suut,
646 3297 759 3360 duram
782 3298 1003 3362 necessitatem
1025 3299 1117 3363 taciti
1139 3300 1344 3364 devorarunt
1390 3300 1509 3366 Eadem
1643 3289 1644 3320 ¹

404 3434 528 3496 semper
550 3415 721 3492 modestia,
746 3416 855 3480 eadem
877 3417 1054 3502 disciplina
1101 3419 1141 3483 Iu
1168 3443 1233 3504 qus
1257 3443 1291 3485 re
1314 3442 1383 3486 non
1406 3423 1509 3485 mino-

402 3555 471 3598 rem
500 3556 553 3599 eos
583 3535 737 3620 gloriam,
770 3558 865 3620 quem
893 3537 929 3601 in
951 3539 1080 3623 proeliis
1103 3543 1144 3604 ed
1166 3539 1369 3606 Hasseletum
1395 3546 1428 3606 et
1449 3541 1509 3606 Lo·

406 3655 537 3719 venium
557 3657 673 3741 gestis,
698 3659 884 3722 consecutos
907 3680 973 3722 esse
996 3659 1143 3724 arbitror.
1189 3661 1241 3725 Ibi
1263 3662 1350 3726 enim
1372 3663 1510 3747 trepidos

402 3778 436 3840 et
468 3776 603 3860 ignavos
637 3777 744 3843 hostes
778 3779 944 3854 vicerunt,
978 3779 1032 3842 hio
1066 3803 1099 3844 se
1132 3781 1204 3865 ipsi.
1259 3781 1346 3856 Quae
1380 3783 1510 3848 victoris

404 3894 490 3959 haud
512 3898 622 3980 paullo
645 3902 694 3962 est
714 3898 881 3964 difficilior.

447 4014 494 4079 At
523 4038 579 4080 rex
614 4016 820 4095 Guilielmus‚
855 4019 966 4084 videns
1000 4020 1142 4085 Londini
1177 4022 1259 4086 nibil
1295 4046 1353 4108 per
1388 4026 1507 4107 legatos

402 4134 530 4219 profici,
565 4138 599 4199 et
631 4136 743 4220 plenas
778 4139 948 4221 aequitatis
981 4141 1182 4206 conditiones
1213 4165 1232 4206 c
1263 4143 1373 4228 Belgis
1404 4145 1506 4228 refici,
1640 4197 1641 4202 1

400 4277 476 4320 suae
507 4259 539 4320 et
569 4254 803 4320 Hollsndorum
826 4257 980 4342 dignitati
1002 4261 1141 4344 emplius
1165 4262 1271 4326 deesse
1296 4285 1363 4327 non
1386 4265 1506 4348 potuit,

399 4378 455 4441 sed
489 4378 636 4442 inimicos
669 4378 765 4442 armis
804 4398 916 4463 eogere
951 4380 1111 4459 decrevit,
1145 4384 1230 4466 quod
1257 4383 1319 4468 ipsi
1349 4384 1448 4468 legati
1477 4403 1508 4446 se

401 4499 545 4564 facturos
575 4499 691 4562 minati
717 4502 818 4562 orant.
867 4500 981 4583 Itaque
1013 4502 1064 4566 die
1092 4503 1283 4585 praestituto
1305 4505 1450 4569 inducias
1471 4503 1508 4566 fi-

81 4804 920 5287 [ιζ
