3362 5296
339 563 345 572 ·
380 511 440 580 lec
867 527 998 581 sirinnan

446 719 533 785 Hinc
556 721 651 785 etiam
674 721 789 785 Leidae
812 725 977 786 tantorum
1001 743 1094 786 causa
1116 722 1272 786 malorum

516 838 610 918 Orta,
635 843 668 904 et
688 841 722 905 vi
743 841 827 905 tanti
852 840 997 905 fulminis
1019 841 1083 906 icta
1104 842 1214 924 gemit.

445 958 549 1038 Hinc,
573 981 669 1043 quam
692 981 757 1025 non
779 961 865 1026 saevi
886 964 1061 1045 potuerunt
1083 964 1214 1045 perdere
1236 961 1341 1039 Iberi,

513 1079 639 1145 Nobilis
662 1081 738 1145 urbs
761 1101 880 1165 magna
902 1085 994 1165 parte
1016 1083 1065 1146 sui
1088 1082 1229 1161 interiit,

445 1200 506 1279 Ilt,
530 1201 645 1286 quibus
667 1205 724 1266 aut
747 1201 858 1267 Musae
881 1223 914 1266 se
937 1204 994 1266 aut
1017 1203 1121 1286 patrie
1143 1203 1268 1267 credere
1291 1203 1441 1287 possent,

511 1322 686 1388 Multorum
710 1321 795 1387 facta
818 1325 867 1386 est
889 1323 1006 1387 civium
1030 1344 1139 1390 amera
1163 1323 1254 1388 cinis.

442 1443 495 1508 Illi
519 1443 728 1508 circumstant
749 1443 852 1507 silices
876 1444 1060 1527 praecordia
1083 1443 1155 1508 duri

510 1562 641 1641 Ferrea,
667 1564 722 1647 qui
744 1563 834 1628 siccis
857 1564 967 1628 audiat
987 1564 1050 1628 ista
1073 1565 1173 1650 genis.

440 1683 510 1761 Me,
534 1686 640 1748 totum
661 1683 794 1748 infando
817 1705 1002 1769 percussum
1024 1705 1100 1748 cura
1124 1686 1254 1764 dolore,

509 1804 643 1871 Sevocat
667 1827 685 1868 a
708 1805 788 1869 caris
812 1804 956 1870 fontibus
978 1804 1153 1871 Aonidum.

438 1927 509 2004 Me,
538 1947 629 1990 varos
653 1925 754 1989 animi
776 1927 946 1990 conantem
968 1947 1151 2012 expromere
1175 1924 1298 2005 foetus,

507 2047 648 2132 Impedit
670 2046 735 2111 heu
756 2046 869 2124 facies,
894 2047 969 2111 urbs
991 2047 1187 2126 miseranda,
1212 2048 1286 2111 tua!
1313 2085 1354 2094 —

438 2169 488 2233 Ite
510 2173 620 2232 tamen
643 2168 819 2252 lacrymae,
843 2167 946 2251 pietas
968 2168 1074 2245 iubet,
1098 2169 1143 2232 ite
1167 2167 1334 2252 querelae,

509 2289 559 2354 Ite
580 2293 689 2353 tamen
712 2309 838 2367 versus,
863 2309 926 2373 quo
949 2291 1044 2356 vocat
1066 2289 1139 2367 illa,
1163 2290 1235 2353 mei.

442 2409 523 2475 Cum
547 2409 677 2473 doleant
698 2409 860 2494 peregrini
882 2409 996 2489 etiam,
1021 2431 1094 2474 cum
1116 2410 1226 2494 lugeat
1248 2409 1354 2474 omnis
1438 2467 1441 2472 .

506 2530 656 2617 Belgica,
681 2534 714 2595 te
738 2531 853 2611 solam,
877 2529 988 2611 Musa,
1012 2535 1118 2598 tacere
1141 2530 1243 2597 nefas.

829 2783 1002 2796 *-

597 2957 641 3024 Π.
673 2959 724 3026 De
747 2972 845 3026 morte
867 2959 1017 3024 Klaitii
1039 2970 1069 3022 et
1093 2956 1266 3021 Lazacii.

449 3139 516 3209 Vos
540 3164 683 3227 quoque,
711 3163 791 3226 quos
813 3141 914 3206 niveis
936 3141 1117 3206 venerenda
1140 3141 1266 3204 senecta
1290 3136 1415 3221 capilli·

516 3263 696 3348 Sparserat,
723 3283 741 3326 o
766 3263 888 3346 patriae
910 3261 1035 3326 lumine
1058 3261 1136 3325 bina
1158 3260 1262 3324 meae!

449 3381 516 3447 Vos
539 3404 664 3466 quoque
687 3382 780 3466 nigra
803 3383 888 3459 dies,
912 3382 1002 3449 nullo
1026 3381 1166 3447 delebilis
1190 3402 1286 3459 aevo,

514 3503 545 3566 A
570 3502 675 3586 petria
698 3504 730 3566 et
752 3501 852 3568 Musis
875 3501 909 3566 in
933 3524 1011 3567 cava
1033 3502 1128 3567 busta
1150 3502 1245 3566 tulit!

445 3623 514 3688 Nec
536 3623 645 3701 licuit,
671 3622 805 3707 placidis
828 3625 968 3688 extremo
992 3623 1028 3688 in
1051 3623 1163 3688 limine
1185 3622 1270 3688 vitoe

512 3744 655 3810 Reddere
678 3743 829 3810 mortales
852 3744 992 3828 corporis
1013 3743 1161 3810 exuvias!

444 3864 581 3939 Lumina
602 3886 661 3930 nec
683 3864 821 3930 clausere
834 3886 956 3928 manus
979 3864 1148 3930 morientia
1170 3863 1311 3941 amicae,

510 3985 578 4050 Nec
601 3985 694 4050 vultu
716 3985 838 4049 dictum
862 3988 910 4050 est
936 3985 1119 4064 deficiente,
1143 3985 1234 4050 valet

445 4105 616 4183 Mortales,
641 4105 726 4170 vitae
747 4105 863 4170 incerti
888 4105 1045 4190 sortisque
1068 4105 1213 4183 futurae,

511 4226 631 4292 Discite
653 4246 710 4291 vos
732 4227 845 4310 quovis
869 4248 961 4310 posse
985 4227 1089 4310 perire
1114 4227 1176 4290 die.

445 4347 587 4412 Kluitius
611 4349 700 4412 ecce!
723 4347 807 4414 iacet
828 4348 1008 4414 miseranda
1031 4351 1138 4432 strage
1160 4349 1341 4432 peremtus,

511 4469 669 4546 Kluitius,
694 4467 857 4534 Hollanda
881 4470 1002 4552 primus
1024 4470 1060 4535 in
1082 4468 1225 4534 historia.
