3338 5302
385 591 425 656 5⁶2
883 611 991 660 ossum

387 815 480 872 nem,
512 793 764 859 commemoratis
793 793 956 880 Aeginae,
979 796 1146 880 Megarae,
1170 799 1203 861 et
1226 793 1374 861 Corinthi
1396 797 1491 862 rude-

386 914 475 978 ribus
503 915 539 979 in
569 918 672 980 morte
702 915 825 980 Tulliae
856 913 1097 996 consolabatur,
1125 919 1158 982 et
1181 919 1305 1002 patrem
1327 917 1491 1002 indignari

385 1035 532 1114 uetabat,
556 1036 583 1101 si
605 1036 713 1122 puella
736 1040 927 1117 moreretur,
952 1061 1052 1123 quum
1070 1041 1122 1103 tot
1140 1037 1330 1123 oppidorum
1349 1038 1490 1123 proiecta

386 1156 540 1222 caderem
567 1157 725 1223 iacerent!
772 1158 849 1225 Non
869 1159 982 1224 melius
1004 1159 1076 1238 ille,
1100 1181 1196 1243 quum
1218 1158 1410 1239 Pausanias,
1434 1161 1490 1244 qui

384 1276 557 1362 deploratis
587 1279 780 1366 Babylonis,
810 1280 961 1360 Nicives,
993 1280 1175 1346 Thebarum
1202 1283 1235 1345 et
1256 1279 1488 1365 Amphipoleos

376 1400 567 1487 ruderibus,
603 1402 685 1466 nihil
719 1425 753 1466 se
786 1404 894 1466 tamen
925 1403 1033 1468 mirari
1061 1400 1256 1480 testabatur,
1288 1402 1344 1485 qui
1375 1401 1487 1481 sciret,

384 1517 487 1585 Deum
502 1587 505 1594 ,
521 1543 644 1605 semper
677 1521 796 1607 aliquid
829 1544 966 1602 novare,
997 1525 1031 1587 et
1060 1521 1236 1587 Fortunam
1266 1543 1324 1606 pro
1357 1522 1487 1587 arbitrio

385 1661 441 1706 suo
465 1643 499 1705 et
519 1641 710 1726 impotentia
732 1644 841 1709 omnia
862 1644 1002 1710 miscere.

430 1760 605 1847 Nunquam
634 1762 713 1843 fuit,
745 1787 805 1830 nac
830 1765 908 1844 erit,
933 1767 1000 1830 tam
1024 1765 1190 1831 temeraria
1213 1768 1247 1830 et
1269 1765 1376 1830 subita
1398 1766 1489 1851 regni

385 1882 517 1948 alicuius
551 1885 688 1964 eversio,
725 1907 792 1952 non
824 1886 927 1972 magis
957 1909 1054 1972 qnam
1084 1884 1193 1952 Aetna
1222 1886 1325 1973 ruptis
1357 1887 1489 1968 caminis

385 2003 547 2072 flammam
577 2007 733 2093 exspirat,
766 2007 890 2092 quoties
919 2007 1081 2074 Encelado
1113 2010 1170 2073 aut
1195 2007 1347 2093 Typhoeo
1370 2006 1488 2073 fessum

383 2125 467 2192 latus
490 2149 509 2192 a
532 2129 645 2192 dextra
669 2128 709 2192 ad
733 2128 895 2194 sinistram
918 2131 1101 2195 convertere
1122 2128 1261 2194 libuerit.

428 2246 475 2312 Ut
505 2248 591 2312 enim
622 2250 755 2314 materia
786 2252 903 2316 sensim
924 2272 982 2336 per
1004 2251 1126 2316 telluris
1148 2249 1307 2316 foramina
1329 2250 1487 2329 nascitur,

384 2372 416 2434 et
445 2369 586 2453 quotidie
616 2371 718 2455 magis
748 2371 912 2456 magisque
942 2371 1070 2450 crescit,
1103 2371 1204 2438 donec
1232 2371 1269 2436 in
1297 2371 1487 2436 immensum

384 2493 496 2566 aucta,
526 2490 647 2556 exitum
677 2492 710 2555 vi
742 2513 799 2556 sua
828 2492 969 2577 quaerit,
1000 2493 1051 2557 oui
1081 2492 1163 2558 nulli
1191 2491 1295 2556 obices
1317 2490 1484 2568 resistant,

385 2613 419 2675 et
443 2611 480 2676 in
502 2610 645 2677 fruentes
666 2611 811 2678 flammas
834 2613 990 2698 erumpit,
1014 2612 1061 2677 ita
1083 2611 1188 2676 variae
1211 2633 1250 2676 ex
1272 2631 1371 2697 parvo
1394 2611 1486 2676 initio

385 2735 568 2799 contractae
605 2735 710 2819 pestes
749 2734 835 2799 virus
874 2733 969 2799 letale
1008 2755 1065 2819 per
1098 2732 1242 2799 civitates
1278 2731 1486 2816 dispergimt,

385 2853 566 2939 viribusque
611 2858 715 2919 eundo
758 2854 946 2940 requisitis,
989 2874 1117 2919 omnem
1159 2853 1355 2918 medicorum
1397 2873 1486 2937 opem

458 2978 551 3042 uunt.

386 2996 522 3164 resbunc
555 3119 624 3164 sero
658 3099 789 3184 sapiunt
822 3096 1031 3168 labefactatae
1066 3096 1231 3174 nationes,
1267 3098 1301 3160 et
1329 3095 1365 3161 in
1396 3094 1487 3162 rude-

384 3220 472 3286 ribus
505 3220 681 3285 deletarum
714 3219 843 3283 urbium
874 3216 1159 3302 philosophantur,
1189 3219 1246 3280 aut
1277 3216 1313 3280 in
1344 3216 1432 3282 lenta
1459 3218 1490 3280 et

384 3341 552 3425 ingeniosa
594 3341 814 3428 ntyrannorum
868 3337 1054 3403 crudelitate
1100 3336 1323 3422 intelligunt,
1375 3337 1489 3415 fidem,

386 3462 636 3540 continentiam,
671 3460 824 3545 pudorem
865 3461 899 3524 et
929 3459 1115 3544 religionem
1149 3436 1243 3522 unica
1276 3479 1343 3523 esse
1376 3458 1490 3524 frmda·

384 3587 510 3663 menta,
554 3582 669 3668 quibus
703 3581 920 3666 superstructa
958 3580 1070 3674 ciuitas
1102 3579 1138 3644 in
1172 3601 1228 3644 sua
1262 3581 1334 3644 sede
1368 3579 1489 3645 stabilis

384 3707 579 3794 permaneat.

430 3825 581 3891 Omnium
611 3824 816 3908 antiquarum
846 3823 1013 3888 civitatum
1041 3823 1188 3907 origo‘et
1209 3821 1394 3886 humanitas
1417 3842 1490 3906 pro-

384 3949 486 4013 fectae
515 3947 591 4011 sunt
622 3967 642 4010 a
672 3943 740 4009 Deo
770 3946 803 4008 ct
825 3943 997 4035 religione,
1021 3941 1087 4007 sive
1109 3962 1270 4007 sacrorum
1293 3943 1491 4025 quorundam

384 4069 545 4134 comente.
590 4065 662 4131 Hoc
691 4064 963 4150 Amphictyones,
995 4061 1056 4126 hoc
1086 4061 1299 4139 Panionium,
1328 4060 1390 4126 hoc
1414 4060 1492 4126 Hel·

384 4189 522 4268 lenium,
546 4187 608 4252 hcc
631 4186 751 4270 templa
773 4185 809 4250 in
832 4182 974 4262 arcibus,
998 4180 1060 4246 hoc
1083 4181 1212 4246 Romuli
1235 4182 1358 4266 asylum
1381 4182 1493 4248 atalia

383 4310 535 4378 instituta
557 4308 634 4376 satis
657 4305 832 4372 declarant.
867 4303 994 4370 Servius
1016 4305 1128 4388 postea
1147 4300 1258 4368 fanum
1277 4299 1402 4368 Dianae
1423 4324 1493 4370 cum

383 4431 502 4519 populo
525 4430 641 4495 Latino
662 4448 830 4494 commune
848 4425 969 4490 Romae
987 4423 1116 4503 fecerit,
1137 4423 1226 4507 quasi
1242 4422 1492 4504 confessionem,

384 4553 520 4621 Romam
540 4552 638 4637 caput
659 4571 726 4616 esse
748 4570 871 4627 rerum,
895 4546 950 4611 alii
973 4545 1088 4611 deinde
1112 4547 1208 4630 atquc
1228 4545 1284 4610 alii
1303 4545 1493 4632 religionem
