3362 5300
369 560 411 643 86
868 577 976 644 omme

414 786 476 853 Sed
497 782 658 872 querelae,
682 785 827 870 quamvis
849 785 884 849 in
908 787 974 849 tam
997 783 1111 850 acerba
1129 788 1247 865 morte,
1267 808 1286 852 a
1304 783 1397 853 nobis
1414 783 1473 854 ab·

368 910 451 987 siut,
482 930 585 992 neque
614 907 716 992 magis
745 907 822 992 quid
848 907 1015 984 amissum,
1044 929 1139 992 quam
1164 911 1387 980 conservatum
1410 910 1474 987 sit,

367 1029 558 1115 cogitemus,
588 1027 719 1112 Deeque
748 1027 869 1113 gratias
899 1047 1047 1112 agamus,
1078 1031 1164 1113 quod
1196 1031 1324 1094 tantm
1352 1031 1474 1115 gloriae

367 1151 463 1216 etiam
498 1172 564 1215 non
595 1149 695 1235 pluris
726 1149 916 1214 constiterit.
963 1149 1175 1214 Beectmaauo
1209 1151 1355 1234 quidem,
1385 1152 1475 1217 letali

369 1271 499 1337 vulnere
533 1272 671 1349 deiecto,
708 1292 818 1335 sensus
852 1270 1008 1335 moriendi
1041 1272 1092 1336 vel
1122 1271 1230 1336 nullus
1261 1272 1312 1336 vel
1343 1273 1476 1358 exiguus

298 1475 303 1482 .
369 1393 440 1458 fuit.
487 1393 616 1459 Iuvenis
638 1393 763 1458 occidit.
810 1392 872 1459 sed
894 1392 988 1457 multi
1011 1392 1140 1458 iuvenes
1165 1393 1351 1459 occiderunt
1372 1396 1405 1458 et
1421 1416 1475 1460 oc-

369 1514 494 1593 cident,
526 1515 623 1579 etiam
654 1513 722 1578 sine
752 1514 847 1578 bello.
894 1512 1028 1578 Hostius
1052 1514 1107 1578 ille
1131 1517 1255 1592 noster,
1280 1514 1397 1583 vulnus
1420 1537 1475 1580 ac·

370 1634 456 1719 oepit
485 1655 552 1698 uon
583 1631 687 1698 letale.
735 1632 804 1709 Quo
831 1634 896 1698 iam
919 1633 984 1698 fere
1007 1636 1135 1712 sanato,
1159 1635 1288 1700 morbus
1312 1636 1476 1720 egregium

369 1754 602 1820 adolescentem
631 1754 800 1839 occuparit
829 1757 862 1817 et
892 1753 1077 1818 consumsit.

413 1874 504 1941 Adeo
534 1875 657 1939 incerta
684 1874 768 1938 vitae
791 1874 992 1952 conditione,
1017 1875 1099 1939 bene
1121 1879 1228 1940 aetum
1253 1877 1301 1940 est
1325 1897 1475 1955 comeo,

369 1997 482 2081 quiin
505 1997 594 2062 brevi
617 1997 721 2061 aetate
742 1999 809 2060 tam
831 1997 965 2080 longum
990 1997 1029 2060 ed
1052 1997 1188 2080 gloriam
1208 2019 1321 2063 aevum
1341 1999 1474 2083 peregit.

369 2116 455 2182 Nam
479 2119 555 2201 quid
577 2107 930 2182 annoe'numeramusl
976 2116 1068 2193 Quod
1091 2117 1225 2202 quisque
1247 2118 1475 2196 benefecerit,

368 2237 431 2303 hoc
461 2239 693 2303 numerandum
724 2241 781 2302 est.
829 2237 880 2304 Sic
910 2259 1028 2302 nomen
1059 2239 1267 2304 Beeckmaoai
1295 2240 1385 2304 nullo
1412 2263 1475 2306 un-

369 2381 465 2444 quam
495 2362 639 2444 tempore
666 2359 941 2424 intermoriturum
964 2362 1029 2437 est,
1054 2363 1087 2423 et
1109 2381 1169 2424 nos
1191 2360 1276 2444 grati
1298 2361 1384 2426 illius
1408 2382 1474 2426 me·

369 2481 503 2546 moriam
525 2480 664 2544 colemus
687 2483 720 2545 et
741 2480 1005 2545 consecrabimus.
1041 2479 1164 2565 Corpus
1186 2481 1222 2545 in
1246 2501 1323 2566 agro
1345 2481 1473 2560 hostili,

368 2602 404 2668 iu
435 2601 549 2686 ignoto
580 2601 699 2686 angulo
722 2601 806 2666 iacet
828 2601 1002 2666 conditum.
1049 2600 1141 2666 Levis
1165 2601 1306 2680 iactura,
1331 2603 1382 2668 cui
1405 2605 1476 2668 tota

368 2722 543 2789 Hollandia
565 2724 607 2788 sit
628 2743 686 2808 pro
709 2724 937 2787 monumento!
984 2721 1075 2796 Quod
1097 2722 1124 2786 si
1149 2743 1259 2786 manes
1280 2722 1423 2787 sentiant
1443 2725 1476 2786 et

275 2847 280 2854 '
367 2845 509 2911 humana
528 2846 657 2922 curent,
680 2866 740 2909 nos
763 2866 852 2909 suam
875 2846 993 2909 sortem
1015 2843 1158 2908 miserari
1180 2846 1286 2922 vetat,
1311 2846 1344 2908 et
1362 2844 1475 2908 laetari

367 2969 477 3030 nostra
499 2966 605 3044 iubet,
630 2965 685 3051 qui
705 2986 761 3030 vos
780 2987 797 3029 e
817 2965 1002 3031 turbulento
1021 2964 1102 3028 mari
1120 2966 1153 3027 et
1172 2963 1376 3029 atrocissimis
1398 2985 1474 3049 pro·

368 3088 472 3168 cellis,
496 3089 600 3164 salvos
623 3087 658 3151 in
680 3086 766 3152 hunc
787 3084 978 3151 Academiae
1001 3088 1131 3171 portum
1154 3085 1371 3169 receperimus.

412 3209 569 3294 Magnum
599 3207 742 3294 profecto
772 3207 977 3273 beneficium!
1008 3207 1103 3290 idque
1132 3204 1201 3270 Deo
1234 3204 1272 3270 0.
1306 3205 1350 3269 Μ.
1381 3211 1475 3291 grate

368 3351 405 3394 ao
435 3329 488 3414 pia
519 3332 627 3394 mente
656 3328 801 3394 lubentes
833 3331 997 3413 acceptum
1026 3328 1199 3394 referimus.
1254 3328 1472 3407 Lamousia,

368 3448 514 3527 Stolleoa,
542 3449 809 3514 Na‘cuwcadaisiua
832 3450 897 3514 iam
920 3447 985 3513 fere
1009 3449 1101 3514 obliti
1125 3452 1217 3527 sunt,
1242 3471 1275 3514 se
1299 3449 1473 3534 aliquando

367 3569 463 3638 fuisse
485 3570 679 3636 vulneratos.
727 3570 761 3636 si
783 3592 863 3655 quos
885 3573 1047 3655 praeterea
1070 3570 1238 3654 plumbum
1257 3569 1374 3654 hostile
1396 3571 1473 3634 teti-

368 3692 467 3776 gerit,
492 3694 560 3757 erat
581 3693 650 3757 siue
672 3692 757 3770 ictu,
781 3691 1006 3756 et'iuterrallo
1030 3691 1095 3756 rim
1120 3692 1278 3756 amiserat.

413 3812 512 3876 Maoti
535 3816 653 3893 estote,
678 3813 798 3898 egregii
822 3813 1053 3890 adolescentes,
1077 3811 1140 3877 fide
1163 3814 1196 3876 et
1218 3813 1337 3877 virtute
1355 3814 1473 3877 vestra.

368 3931 442 3997 Otio
473 3934 513 3997 ad
543 3935 650 3999 literas
681 3934 865 4000 recolendas
894 3935 985 4000 vobis
1008 3956 1027 3997 a
1049 3953 1125 4018 rege
1147 3955 1314 4011 concesso,
1337 3933 1383 3997 ita
1407 3934 1472 3998 uti-

366 4054 462 4130 mini,
487 4057 602 4120 utros
624 4055 729 4134 decet,
752 4055 815 4120 hoc
837 4058 902 4133 est,
922 4033 1078 4139 genuiuos
1097 4053 1288 4120 Academiae
1309 4055 1475 4120 Leideusis

366 4176 522 4240 alumnos.
567 4173 672 4242 Huius
704 4175 911 4254 Academiae,
943 4197 1039 4258 quam
1071 4175 1199 4241 vinculo
1234 4176 1368 4240 arctiore
1400 4197 1475 4241 eum

368 4361 539 4372 ——n—

400 4477 489 4526 Nema
497 4475 669 4535 Beeclcmanni,
679 4479 735 4542 oet.)
754 4478 921 4527 Beeckmanno
929 4480 1010 4542 postea
1018 4475 1103 4526 Leidae
1112 4475 1137 4526 in
1147 4478 1211 4526 Aede
1221 4480 1245 4528 S.
1256 4479 1323 4528 Petri
1333 4495 1477 4531 monumen·

366 4562 419 4614 tum
435 4559 539 4630 positum
557 4576 618 4618 esse,
637 4562 719 4628 utpote
736 4561 793 4610 satis
810 4563 907 4618 uotum,
924 4559 962 4608 vix
980 4575 1039 4624 opus
1056 4563 1091 4610 est
1111 4575 1212 4612 monere.
