3362 5300
378 551 418 618 82
874 567 982 616 canno

378 756 434 822 vix
461 753 572 821 horam
604 777 716 822 somno
748 755 1032 833 continuaverunt,
1058 754 1167 832 strati,
1191 755 1229 820 ut
1252 774 1319 820 sors
1342 753 1482 836 ferebat,

378 877 414 943 in
445 877 523 942 dura
555 878 625 955 via,
656 880 706 943 vel
733 878 865 943 humido
897 897 983 942 arvo.
1031 877 1083 942 Ita
1105 877 1268 962 fatigatis,
1291 869 1394 943 novus
1418 879 1483 943 dies

380 1020 463 1063 nova
493 999 649 1084 pericula,
681 1021 798 1066 novam
827 1021 933 1065 rerum
955 996 1084 1075 faciem,
1107 1019 1179 1064 raro
1202 998 1383 1077 laetiorem,
1406 999 1483 1064 affe·

378 1118 478 1185 rebat.
532 1119 634 1186 Aures
675 1120 875 1186 hortantium
917 1120 1055 1185 clamore
1096 1121 1129 1183 et
1171 1140 1332 1185 armorum
1374 1120 1483 1185 sonitu

379 1243 533 1326 strepere,
563 1241 645 1306 oculi
675 1242 855 1326 spectaculo
886 1239 1091 1305 morientium
1115 1242 1147 1304 et
1170 1239 1411 1305 vulneratorum
1434 1240 1482 1305 af-

347 1439 349 1446 Α
378 1362 440 1427 fici.
486 1361 535 1427 De
565 1363 629 1427 suis
660 1384 759 1439 unus,
783 1361 879 1438 alter,
902 1360 1009 1445 plures
1032 1360 1164 1446 plumbo
1188 1361 1327 1444 percuti,
1352 1363 1482 1426 commi-

378 1483 436 1547 lito
460 1481 620 1568 perforato
644 1481 746 1566 capite
769 1481 804 1545 in
827 1485 945 1546 terram
969 1480 1149 1564 procidere,
1174 1481 1206 1544 et
1224 1482 1401 1546 extremum
1418 1482 1482 1566 spi·

377 1605 475 1670 ritum
497 1602 533 1666 in
557 1601 630 1666 sinu
653 1601 908 1667 commilitonum
931 1599 1046 1665 efflare.

424 1720 535 1787 Nihilo
566 1723 665 1788 secius
695 1725 803 1788 tamen
830 1723 896 1799 illi,
927 1721 1012 1807 quod
1034 1721 1234 1807 inceperant,
1259 1723 1387 1788 strenue
1408 1745 1481 1808 per-

378 1844 477 1909 secuti
507 1847 601 1923 sunt,
633 1867 692 1910 nec
715 1844 888 1929 quidquam
910 1843 950 1908 de
973 1843 1091 1908 virtute
1114 1844 1313 1910 remiserunt.
1361 1843 1481 1908 Tantos

376 1965 415 2029 iis
447 1965 570 2030 animos
598 1963 736 2030 addebat
762 1964 932 2048 cogitatio,
963 1986 980 2028 e
1010 1986 1073 2049 qua
1102 1961 1274 2029 Academia
1301 1965 1480 2043 venissent,

377 2088 410 2150 et
450 2086 672 2150 inflammabat
707 2085 886 2170 praesentia
921 2083 1104 2161 Guilie'lmi,
1141 2085 1294 2169 principis
1327 2083 1482 2151 Arausio·

375 2206 499 2283 nensis,
531 2228 594 2291 quo
625 2206 753 2271 ridente
784 2229 821 2270 ao
852 2206 1024 2282 laudante,
1056 2205 1119 2270 ista
1142 2205 1275 2270 militiae
1299 2206 1480 2272 rudimenta

374 2325 547 2412 ponebant.
595 2325 691 2391 Hunc
723 2327 870 2410 deinceps
899 2326 934 2389 in
964 2325 1056 2390 celeri
1087 2325 1291 2391 victoriarum
1315 2349 1409 2392 cursu
1432 2350 1480 2393 se·

374 2447 457 2524 cuti,
482 2447 657 2530 pugnando
681 2449 723 2510 ad
746 2446 925 2511 Lovanium
948 2449 1177 2531 pervenerunt,
1202 2447 1257 2511 nbi
1280 2468 1333 2511 eos
1360 2449 1479 2528 maius,

374 2590 470 2653 quam
494 2567 596 2633 adhuc
620 2567 743 2652 experti
766 2569 876 2644 erant,
900 2567 1077 2652 periculum
1100 2567 1258 2632 manebat.
1307 2568 1391 2634 Iussi
1409 2568 1479 2634 Ab·

372 2688 492 2758 batiam
521 2709 745 2773 recognoscere
768 2690 801 2752 et
822 2687 978 2772 praesidio
1002 2709 1168 2773 occupare,
1188 2680 1322 2752 terribili
1341 2691 1481 2755 tormen·

372 2819 477 2880 torum
512 2814 589 2896 igne
619 2834 638 2875 a
666 2778 809 2874 Loranio
838 2809 1095 2894 excipiebantur,
1117 2810 1212 2893 idque
1235 2809 1300 2873 iam
1324 2813 1480 2877 concessis

372 2937 391 3000 a
420 2933 589 3001 Guilielmo
627 2931 772 2998 induciis.
825 2930 915 3007 Quod
953 2934 1062 2995 utrum
1100 2931 1217 3015 Belgae
1247 2931 1283 2995 in
1318 2954 1354 2996 ea
1388 2935 1480 3016 parte

371 3057 581 3133 nesciverint,
606 3077 648 3120 an
673 3054 766 3119 solita
789 3052 923 3139 perfidia
940 3051 1090 3128 fecerint,
1115 3071 1182 3116 non
1206 3039 1368 3118 affirmem.
1417 3053 1479 3120 Sed

371 3182 419 3248 uti
449 3181 485 3245 in
517 3180 663 3244 universo
694 3176 755 3240 hoc
779 3173 951 3240 certamine
973 3173 1076 3237 multa
1099 3172 1230 3237 fuerunt
1253 3173 1380 3240 divinae
1403 3196 1478 3260 pro-

369 3301 529 3367 videntiae
569 3319 715 3382 expressa
755 3295 909 3380 vestigia,
950 3316 1032 3378 quae
1066 3295 1169 3360 bonae
1202 3317 1314 3360 causae
1348 3296 1478 3376 favens,

370 3421 509 3488 scelestis
540 3421 679 3484 mentem
710 3417 743 3481 et
764 3415 934 3482 consilium
957 3415 1091 3500 eripuit,
1115 3416 1161 3480 ita
1184 3438 1293 3482 omnes
1317 3418 1405 3502 globi
1429 3419 1477 3482 al-

371 3543 468 3608 tiores
498 3539 683 3607 ceciderunt
709 3536 802 3602 irriti.
850 3536 963 3620 Itaque
987 3535 1037 3600 die
1060 3557 1134 3601 xm.
1158 3535 1318 3622 Augusti,
1341 3538 1479 3605 victores

369 3663 547 3730 Lovanium
569 3661 748 3737 mnarum,
773 3659 885 3723 urbem
905 3656 981 3722 olim
999 3680 1093 3744 saepe
1112 3632 1294 3739 obsessam,
1310 3683 1478 3746 nunquam

370 3785 518 3850 deditam.
565 3783 646 3849 Eam
677 3784 804 3846 noctem
834 3781 870 3845 in
893 3780 1141 3866 propugnaculis
1165 3781 1224 3845 sub
1247 3783 1322 3846 diro
1345 3783 1421 3847 laeti
1445 3786 1480 3847 et

368 3904 484 3970 hilares
508 3905 749 3987 mansegerunt,
773 3902 974 3967 recordantes
997 3901 1092 3966 fluisse
1115 3901 1200 3966 diem
1224 3923 1297 3968 xm.
1333 3904 1476 3968 Novem-

368 4025 449 4102 briS,
480 4044 542 4108 quo
574 4022 705 4087 Leidam
736 4044 821 4087 anno
852 4021 1010 4106 superiore
1037 4021 1248 4106 reliquissent.
1296 4025 1377 4089 Tum
1400 4046 1477 4090 vero

366 4145 494 4213 bonesti
527 4143 680 4229 oppidani
710 4143 854 4207 alumnos
882 4139 1072 4206 Academiae
1102 4141 1265 4208 Leidensis
1299 4145 1377 4209 alios
1409 4167 1476 4211 esse

365 4289 461 4354 quam
492 4263 699 4330 Lovaniensis
723 4264 961 4347 cognoverunt,
988 4265 1037 4340 et,
1062 4284 1141 4348 quos
1166 4265 1373 4349 appellabant
1390 4290 1474 4353 por·

365 4415 416 4456 cos
457 4387 634 4470 Bebriapoc
676 4387 851 4463 doemones,
889 4382 1014 4448 eosdem
1049 4406 1105 4469 per
1140 4384 1285 4451 inducias
1321 4408 1474 4472 apparere

369 4509 463 4578 mites
486 4510 519 4573 et
539 4506 706 4572 humanos.
