3362 5300
656 576 845 626 1111011111.
1247 559 1308 626 105

196 763 341 848 indignis
371 763 526 830 Nassavio
558 763 763 849 opinionibus
795 763 955 828 imbutum
986 761 1220 848 infectumque,
1245 763 1305 829 Hi-

196 887 290 972 spani
328 886 442 951 deinde
475 886 511 949 in
547 883 720 950 Academia
750 883 972 969 Complutensi
1002 888 1035 950 et
1062 884 1219 950 honorata
1250 886 1307 949 illa

196 1008 341 1072 custodia
380 1006 563 1072 Madritana
600 1007 647 1070 ita
682 1008 909 1090 corruperunt,
945 1009 982 1070 ut
1015 1005 1208 1071 Hellandiae
1242 1007 1307 1071 iam

196 1128 380 1192 adolescens
403 1127 543 1211 perierit.
578 1126 650 1190 Hoc
673 1128 765 1210 pater
786 1125 872 1190 cavit
893 1126 929 1190 in
946 1126 1072 1191 Iustino
1091 1129 1124 1191 et
1143 1126 1305 1193 Mauritio.

242 1247 385 1312 Iustinus
407 1247 581 1314 Nassavius
604 1248 674 1311 erat
698 1245 859 1311 Guilielmi
879 1245 981 1324 filius,
1013 1245 1133 1311 nothus
1159 1248 1305 1330 quidem,

196 1370 253 1432 sed
276 1370 489 1444 consuetude,
514 1368 542 1432 si
564 1389 632 1432 non
654 1367 899 1444 conscientiam,
925 1371 959 1432 at
982 1367 1101 1432 lamam
1121 1367 1306 1453 Principum

194 1489 233 1552 in
268 1487 449 1552 huiusmodi
484 1487 579 1552 rebus
615 1487 794 1551 solabatur:
831 1488 975 1572 exempla
1011 1491 1104 1553 erant
1133 1511 1191 1573 pro
1220 1489 1305 1567 iure,

195 1631 301 1693 neque
335 1609 394 1674 filii
428 1611 597 1694 propterea
631 1609 794 1672 contemti.
849 1608 1025 1693 Margarita
1059 1610 1239 1674 Parmensis
1274 1613 1306 1673 et

196 1731 335 1796 Ioannes
357 1729 544 1796 Austniacus
565 1731 627 1815 ipsi
650 1729 754 1813 proles
778 1733 872 1794 erant
894 1727 1000 1795 (laroli
1019 1729 1050 1796 V
1070 1732 1186 1814 spuria.
1220 1729 1305 1795 Aca·
1383 1742 1387 1750 '

196 1852 302 1916 demia
332 1855 441 1916 nostra
473 1873 491 1916 a
520 1851 627 1936 parvis
658 1851 829 1915 admodum
859 1851 960 1915 initiis
990 1851 1099 1916 crevit.
1146 1850 1306 1917 Numerus

196 1973 448 2038 adolescentium
482 1972 586 2057 primo
622 1993 708 2036 anno
739 1994 758 2034 a
788 1971 922 2040 Rectene
953 1972 1144 2056 Magnifice,
1181 1972 1306 2036 Petreio

195 2095 308 2172 Tiara,
331 2093 448 2172 Frisi0,
471 2094 506 2157 in
525 2092 646 2157 Album
670 2093 806 2171 relatus,
829 2096 921 2157 erant
943 2094 1023 2170 duo,
1049 2116 1131 2158 unus
1153 2091 1305 2177 Delphis,

197 2216 281 2280 alter
307 2214 477 2291 Harlemo;
509 2235 595 2279 anno
626 2215 789 2297 sequenti,
813 2215 1062 2297 quatuordeeim.
1108 2214 1149 2280 In
1172 2214 1223 2279 his
1247 2239 1305 2282 no-

198 2337 289 2401 mina
309 2337 462 2412 illustria,
482 2335 581 2400 Ianus
601 2335 749 2412 Grotius,
770 2336 862 2419 pater
878 2335 993 2400 deinde
1012 2335 1123 2420 magni
1141 2336 1306 2421 Hugonis,

196 2458 334 2523 Iacobus
357 2457 499 2541 Philippi
522 2456 673 2520 Marnixii
695 2454 894 2540 Aldegundii
916 2455 1020 2535 filius,
1041 2461 1073 2521 et
1092 2457 1144 2522 hic
1163 2458 1306 2522 Iustinus

199 2579 385 2644 Nassavius.
431 2578 568 2643 Ioannes
601 2576 748 2653 Stadius,
784 2576 1047 2657 Mathematicus,
1086 2577 1232 2644 (landari
1266 2601 1305 2644 ex

198 2699 421 2764 observatione
440 2698 578 2763 siderum
597 2697 814 2781 praedixerat,
835 2697 896 2763 hoc
916 2721 987 2763 eum
1005 2699 1072 2763 fato
1093 2721 1158 2764 esse
1176 2703 1304 2776 natum,

197 2825 237 2887 ut
265 2822 388 2906 ingenii
411 2821 501 2885 dotes
524 2819 693 2885 habiturus
716 2823 798 2885 esset
821 2821 999 2899 abstrusas,
1024 2843 1102 2899 nec,
1126 2821 1188 2885 nisi
1211 2841 1304 2904 coge-

197 2948 304 3020 retur,
329 2942 472 3006 animum
495 2943 536 3004 ad
557 2941 666 3005 literas
690 2940 918 3024 applicaturus.
954 2940 1099 3007 Verusne
1117 2941 1214 3006 fuerit
1232 2940 1304 3006 Sta-

197 3065 291 3141 dius,
327 3066 361 3126 et
394 3062 470 3146 quid
506 3083 525 3125 a
558 3060 673 3144 quibus
707 3060 852 3127 didicerit
885 3061 1049 3138 Iustinus,
1084 3083 1151 3126 non
1185 3061 1304 3126 inveni.

198 3186 314 3250 Postea
348 3183 477 3267 quidem
510 3203 559 3246 res
592 3184 677 3245 terra
707 3181 849 3263 marique
877 3181 976 3264 gessit
1004 3167 1090 3245 haud
1122 3203 1197 3246 sane
1229 3203 1306 3245 con·

199 3305 399 3372 temnendae.

246 3427 295 3493 De
324 3427 423 3491 fratre
454 3424 606 3490 Mauritio
638 3424 731 3509 plura
760 3425 876 3509 accepi.
923 3424 986 3489 Hic
1009 3426 1136 3510 qualem
1159 3449 1192 3492 se
1215 3428 1308 3492 vultu

201 3553 298 3633 atque
319 3546 420 3612 oculis
443 3545 584 3622 ferebat,
607 3546 662 3629 qui
685 3545 724 3609 de
748 3544 851 3629 effigie
870 3546 931 3611 sibi
950 3552 1152 3632 proponunt,
1171 3550 1308 3613 multum

200 3671 238 3734 in
260 3690 297 3734 eo
321 3667 417 3732 firisse
429 3665 561 3742 iudicii,
582 3665 766 3748 sagacitatis
784 3668 817 3730 et
835 3667 1036 3731 constantiae
1054 3667 1148 3732 facile
1167 3669 1308 3733 credant.

202 3791 256 3857 Sic
285 3792 363 3852 erat.
410 3786 479 3851 Iam
509 3806 589 3870 puer
618 3784 850 3870 Heidelbergae
879 3787 1056 3852 studiorum
1086 3810 1308 3853 1111111011-

203 3914 272 3988 tus,
298 3933 325 3973 a.
353 3906 592 3972 1582111111111
615 3906 721 3985 venit,
747 3929 849 3973 annos
873 3909 994 3973 habens
1017 3910 1216 3995 quindecim,
1241 3913 1309 3977 exi-

249 4071 275 4078 u-
296 4069 398 4078 --n-v—

239 4135 349 4184 [aretinus
365 4135 503 4196 Nascantur)
538 4135 617 4183 Natus
634 4151 654 4184 a.
674 4134 748 4194 1559,
767 4135 796 4184 ab
813 4152 835 4185 a.
854 4136 1019 4190 loto-1579
1034 4141 1174 4192 Academiae
1189 4144 1312 4202 alumnus,

205 4223 357 4281 praeceptore
376 4234 430 4264 1111
448 4217 576 4264 domestico
595 4217 722 4265 Rernborto
738 4219 853 4267 Horraco.
876 4221 954 4268 Vitam
967 4222 1029 4279 eiua,
1046 4225 1204 4289 Pecrllumpii
1220 4227 1312 4288 quoquc

206 4299 326 4347 mentione
352 4299 426 4356 facta,
453 4299 580 4347 vernaculo
605 4315 712 4347 sermone
736 4300 876 4364 conscripsit
899 4302 925 4350 Il.
951 4304 979 4352 Β.
1004 4306 1104 4354 Swalue:
1145 4307 1247 4354 lustinus
1266 4323 1310 4355 van

208 4383 312 4438 Nasaau,
335 4384 409 4429 meast
433 4397 490 4429 naar
512 4381 682 4444 enuitgcgeven
704 4383 819 4440 stukken,
843 4389 891 4432 met
911 4384 945 4448 pl.
980 4388 1142 4445 Amsterdam,
1168 4389 1239 4437 1858.

241 4463 272 4512 A.
299 4465 364 4512 1582
387 4465 484 4512 Lridam
503 4465 577 4526 accit)
611 4464 691 4512 Patris
708 4465 831 4514 ouilielni
848 4466 948 4531 epistola
969 4470 1156 4528 commendatus,
1179 4486 1239 4533 qnae
1260 4488 1314 4522 11111

208 4561 318 4609 responso
334 4547 433 4594 Senatus
447 4545 582 4594 Academici
596 4549 672 4595 exstat
686 4547 710 4595 in
724 4549 811 4595 Annot.
822 4548 925 4597 -Albo
933 4549 1059 4614 inscriptus
1069 4551 1090 4599 d.
1102 4550 1231 4616 leaprilis
1242 4556 1314 4606 1583.
