3362 5300
572 588 610 653 10
638 595 763 656 rosariis
783 605 954 658 soauoaa'o.
1278 574 1314 658 91

215 799 332 862 statem
362 792 489 880 generis
519 798 587 858 tam
617 795 709 859 vultu
731 798 765 860 01
785 795 917 874 habitu,
941 819 1037 882 quam
1059 797 1152 863 dictis
1174 800 1207 862 01
1229 797 1322 863 factis

214 917 381 982 referebat.
431 915 579 1000 Integros
610 915 784 980 multarum
812 918 1051 1004 disciplinarum
1073 918 1178 984 fontes
1202 920 1322 1004 aperie-

214 1041 291 1116 bat,
315 1039 393 1102 adeo
416 1040 453 1101 ut
476 1036 621 1121 aequales
644 1036 694 1101 vel
716 1057 789 1101 suos
814 1059 934 1102 errores
957 1059 1146 1124 agnoscere,
1171 1039 1221 1104 val
1247 1038 1322 1106 Soa·

214 1161 353 1245 ligerum
381 1158 520 1223 refutare
549 1159 747 1242 cogerentur.
794 1157 938 1242 Utraque
965 1181 1014 1224 res
1046 1158 1199 1236 difficilis3
1226 1159 1323 1240 haec,

214 1285 255 1346 ut
277 1285 355 1346 sunt
376 1279 542 1357 mortales,
565 1279 676 1344 habita
699 1282 807 1344 tamen
831 1279 970 1359 facilior,
995 1283 1028 1346 01
1046 1284 1131 1367 quod
1151 1303 1170 1345 a
1188 1280 1324 1346 veritate

217 1405 341 1479 deerat,
366 1401 575 1486 supplebatur
594 1400 771 1466 calumniis.
818 1399 921 1466 Causa
948 1423 1055 1466 sacrae
1081 1403 1245 1467 doctrinae
1269 1423 1323 1466 ac-

218 1525 323 1590 cessit.
369 1523 512 1608 Scaliger
533 1523 586 1588 hic
611 1526 680 1586 erat
702 1522 879 1601 liberalior,
904 1545 1000 1607 quam
1020 1523 1160 1608 religiosi
1179 1522 1326 1588 homines

218 1644 374 1710 ferebant.
421 1642 491 1708 Iam
529 1645 620 1728 pater
653 1642 754 1707 Iulius
789 1641 903 1708 Caesar
937 1644 1056 1728 scripta
1091 1643 1224 1709 Luthcri
1258 1662 1327 1707 non

218 1764 401 1851 ignorabat.
437 1763 593 1849 Iosephus
614 1763 673 1826 has
696 1765 900 1848 tempestates
922 1764 958 1828 in
986 1786 1108 1828 secessu
1132 1763 1327 1847 011000001-

220 1889 305 1950 tasse
328 1886 379 1950 vel
402 1885 510 1969 potius
533 1885 738 1949 contemsisse
760 1885 896 1949 videtur.
943 1885 1048 1950 Annis
1071 1885 1199 1969 quidem
1224 1884 1327 1985 1591,

223 2007 330 2084 1592,
375 2005 480 2083 1593,
521 2005 720 2090 Tuningius,
754 2007 879 2091 legatus
915 2005 1105 2072 (iuratorum
1139 2007 1330 2072 Academiae
1434 2059 1441 2076 .

221 2128 402 2207 Leidensis,
446 2127 596 2214 epistolae
631 2125 839 2205 (iuratorum,
876 2127 1033 2193 Ordinum
1068 2126 1261 2194 Hollandiae
1298 2130 1331 2192 01

221 2249 470 2327 West·Frisiae,
501 2248 645 2314 Mauritii
674 2251 707 2312 et
736 2246 868 2313 Henrici
898 2248 947 2314 IV
977 2248 1174 2334 Scaligorum
1198 2250 1233 2314 in
1258 2270 1331 2313 arce

224 2370 435 2437 Prulliaoensi
457 2371 492 2435 in
515 2390 592 2455 agro
616 2369 775 2435 Turonioo
799 2370 1003 2436 invenerunt.

270 2492 378 2557 Iustus
400 2491 527 2577 Lipsius
550 2513 578 2554 a.
605 2489 689 2554 1591
714 2489 920 2556 Academiam
943 2490 1129 2556 Leidensem
1148 2491 1329 2576 reliquerat.

223 2613 277 2678 cui
307 2613 458 2677 tredecim
489 2633 590 2676 annos
621 2631 739 2696 magno
769 2611 874 2676 fuerat
903 2614 1110 2690 ornamento,
1141 2612 1274 2677 eximius
1297 2612 1332 2676 in

225 2757 282 2800 suo
312 2735 477 2798 literarum
499 2753 616 2818 genere
637 2733 704 2811 vir,
727 2733 763 2798 in
785 2734 933 2798 universo
956 2737 1030 2818 post
1052 2732 1249 2818 Scaligerum
1273 2754 1332 2817 po·

223 2859 360 2922 nendus.
419 2854 588 2921 Curatores
621 2854 832 2933 Academiae,
868 2855 903 2919 in
939 2854 1054 2938 quibus
1092 2852 1191 2918 Ianus
1226 2853 1334 2919 Dousa

223 2975 408 3054 Nordovix,
439 2975 598 3060 optabant
625 2975 673 3039 illi
704 2996 914 3040 successorem
942 2974 1156 3059 Scaligerum,
1181 2974 1262 3038 nulli
1285 2975 1333 3038 la-

266 3249 341 3299 Vultu
371 3254 396 3300 01
424 3249 520 3310 habital
555 3248 614 3299 Erat
636 3247 702 3298 virili
724 3251 748 3296 et
770 3245 869 3312 pulchro
887 3263 992 3312 corpore.
1026 3250 1126 3313 Semper
1144 3251 1222 3298 rectus
1243 3244 1335 3296 incede-

224 3331 274 3381 bat.
300 3332 367 3382 (loni.
389 3333 466 3398 aput.
490 3332 586 3381 11010011
606 3335 630 3381 01
652 3330 790 3380 Gasauboni.
826 3331 900 3380 Cuius
919 3330 1015 3379 Hcinsii
1029 3331 1101 3380 verba
1116 3333 1260 3380 confirmant
1275 3331 1335 3380 iura·

225 3413 306 3478 31000,
324 3429 382 3478 quas
398 3413 511 3464 habemus
528 3414 614 3463 leidae
630 3413 709 3473 binas,
728 3413 829 3462 alteram
843 3413 869 3462 in
884 3411 1046 3472 Bibliotheca,
1063 3414 1164 3464 alteram
1177 3414 1203 3463 in
1212 3415 1335 3464 Senaculo.

224 3493 298 3558 Pingi
322 3511 369 3544 non
392 3495 524 3554 recusabat,
548 3496 588 3544 sed
607 3511 621 3544 a
640 3493 701 3543 bono
718 3495 822 3560 pictorez
839 3510 862 3543 v.
880 3495 954 3560 Epist.
972 3512 996 3560 p.
1016 3497 1076 3555 181,
1096 3499 1120 3544 01
1138 3513 1160 3561 p.
1182 3496 1237 3546 645.
1273 3497 1337 3545 Ima·

225 3577 278 3645 3101
291 3578 399 3626 additum
413 3577 565 3642 0011001300,
581 3577 668 3641 dequo
682 3576 732 3641 ipse
744 3576 769 3625 in
779 3576 934 3641 Scaligeranis
948 3593 971 3641 p.
985 3577 1041 3626 342.
1059 3580 1113 3626 Duo
1127 3592 1195 3626 canes
1209 3593 1252 3642 per
1265 3579 1338 3627 scalae

225 3661 369 3710 moliuntur.
403 3659 471 3710 Talia
487 3663 511 3708 et
527 3659 554 3708 10
571 3658 672 3708 Sarouia
689 3658 772 3708 multa.

262 3741 418 3806 Scaliqerum)
454 3742 559 3790 Baudius
581 3741 672 3806 primus
696 3742 801 3790 Dousam
825 3741 853 3789 10
874 3740 978 3789 vocando
1000 3739 1118 3804 Scaligero
1136 3739 1243 3799 monuit,
1261 3739 1337 3805 Epist.

229 3827 270 3885 (ex
292 3825 328 3872 ed.
350 3822 479 3872 Amstelod.
504 3822 578 3882 1149)
594 3839 617 3887 p.
632 3823 675 3881 30,
693 3822 764 3886 idque
779 3822 825 3887 ipsi
841 3822 961 3885 Scaligcro
979 3821 1135 3886 significavit,
1156 3839 1180 3888 p.
1200 3823 1239 3872 36.
1259 3820 1339 3886 (slago

226 3934 263 3944 -
293 3906 388 3971 scripsit
418 3921 497 3954 mense
527 3905 620 3954 Martio
648 3921 671 3954 a.
697 3905 761 3953 1609
787 3904 816 3977 01
842 3905 913 3953 Corn.
937 3904 990 3953 Van
1014 3905 1056 3954 der
1074 3906 1154 3970 Myle,
1172 3923 1218 3972 pag
1236 3907 1284 3955 306
1306 3933 1341 3944 -

229 3989 295 4053 ,1130
320 3989 381 4038 mihi
404 4004 432 4036 ex
449 3987 557 4037 veritatis
579 3987 722 4036 conscientia
743 3987 804 4036 hanc
825 3986 920 4035 laudem
942 3985 1003 4035 citra
1026 3988 1188 4053 arrogantiam
1213 4004 1265 4038 meo
1288 3989 1341 4038 iure

225 4072 348 4121 vindicare
373 4085 481 4135 possum,
508 4071 571 4134 quod
593 4073 616 4118 01
633 4070 727 4134 primns
749 4069 837 4118 author
858 4069 991 4118 exstiterim
1014 4071 1042 4118 01
1064 4087 1120 4120 eum
1142 4070 1307 4136 (Scaligernm)
1327 4087 1340 4118 e

226 4154 315 4204 Galliis
331 4153 485 4211 eliciendum,
503 4155 528 4201 et
544 4168 626 4201 suasor
643 4155 713 4216 atquc
730 4150 847 4216 impulsor
862 4154 889 4199 01
907 4167 931 4199 00
948 4152 1041 4201 exorari
1056 4152 1217 4219 pateretur.”)
1237 4153 1342 4202 Baudiua

227 4241 287 4286 tunc
309 4236 335 4285 10
357 4235 458 4284 Francia
479 4234 631 4289 versabatur,
656 4237 680 4282 at
702 4233 766 4282 inter
788 4233 834 4282 alia
856 4233 901 4282 hoo
919 4249 1012 4298 quoquc
1029 4235 1189 4284 Caesaroduni
1207 4234 1296 4292 0110011,
1314 4237 1343 4283 01

227 4319 353 4372 10110111
370 4319 396 4368 10
413 4333 512 4367 numero
530 4316 711 4367 Academiarum
728 4318 874 4374 conseretur,
891 4318 916 4364 01
933 4316 1035 4366 honores
1048 4319 1179 4367 Doctorum
1192 4317 1344 4366 Ieideusium

229 4403 408 4468 acciperentur3
434 4401 509 4466 Epist.
534 4416 555 4448 a.
580 4399 652 4449 1592.
677 4415 700 4463 p.
724 4398 757 4446 49
780 4414 814 4462 sq.
849 4399 988 4458 Caeterum,
1011 4415 1122 4464 magnam
1143 4416 1208 4465 spem
1225 4400 1344 4466 ponebant

228 4487 283 4535 fore
309 4488 335 4534 ut
352 4484 457 4548 Scaliger
474 4484 624 4540 moveretur,
643 4482 668 4529 in
686 4481 773 4530 misera
790 4495 871 4529 rerum
888 4480 1034 4540 conditione,
1054 4481 1139 4546 quihus
1158 4481 1258 4536 Francia
1276 4501 1344 4538 vexa·

229 4568 309 4620 batur.
345 4566 432 4618 Raudii
449 4565 523 4634 Epist.
543 4581 566 4631 p.
585 4565 633 4624 41,
648 4565 690 4612 44.
725 4563 822 4614 Merula
839 4564 868 4613 01
887 4563 1002 4624 linaium,
1020 4579 1044 4630 p.
1064 4563 1119 4615 101.
