3338 5302
914 469 944 519 Vl

414 653 469 707 »13
494 652 615 724 Augusti
641 654 711 708 1801
737 654 766 708 in
784 653 889 709 Album
909 654 1073 710 Academiae
1094 657 1215 724 relatus,
1239 673 1333 711 mense
1353 657 1479 729 Augusto

377 757 448 812 1803
468 758 631 816 Harlemum
649 762 764 814 vocatus
783 778 884 814 munus
904 761 1094 832 Praeceptoris
1115 779 1218 816 annum
1238 761 1338 832 gessit3

414 863 467 917 »ab
487 879 560 917 auno
581 864 653 918 1804
671 883 772 918 munus
792 866 916 920 Rectoris
935 867 1068 922 Doccumi
1086 866 1116 920 in
1136 865 1243 932 Frisiis;

412 985 504 1022 »anno
534 969 606 1022 1816
631 969 764 1024 successit
788 971 824 1025 cl.
849 972 873 1024 I.
903 973 957 1026 Ten
978 973 1064 1026 361616
1083 971 1195 1027 Rectori
1214 972 1360 1042 Gymnasii
1379 974 1483 1028 Harle-·

376 1073 487 1128 mensis.

411 1178 498 1234 »Inde
516 1197 589 1235 anno
611 1181 682 1234 1822
700 1180 816 1236 Leidam
830 1181 858 1235 in
872 1182 1049 1237 Facultatcm
1065 1182 1137 1237 Phil.
1152 1183 1251 1239 Theor.
1266 1186 1295 1237 ct
1308 1183 1378 1239 Litt.
1393 1184 1476 1238 Hum.

375 1288 503 1352 vocatus,
528 1284 624 1340 morbo
649 1288 806 1355 correptus,
834 1286 883 1355 qui
905 1303 1015 1342 omnem
1035 1286 1121 1341 animi
1141 1287 1327 1342 intentionem
1348 1289 1477 1354 vetabat,

373 1407 446 1445 anno
470 1391 541 1444 1849
561 1391 670 1445 muneri
688 1392 848 1447 renuntiare
867 1395 978 1447 6666166
1001 1397 1053 1447 661.

410 1495 543 1551 »Ocelum
570 1496 680 1550 salubre
708 1500 738 1552 et
764 1497 834 1551 ruris
861 1497 1094 1552 Hilvereumensis
1112 1497 1266 1552 amoenitas
1285 1497 1476 1552 valetudinem

371 1601 495 1656 restituit
501 1623 508 1666 ;
528 1601 596 1656 adeo
616 1604 649 1655 ut
668 1603 821 1656 extremam
840 1602 914 1658 vitae
933 1606 1043 1673 partem
1062 1602 1092 1656 in
1110 1602 1267 1674 redigendis
1286 1602 1475 1657 annotationi-

371 1707 437 1772 bus,
467 1721 518 1776 per
543 1705 647 1760 multas
671 1709 797 1761 veterum
823 1707 989 1777 scriptorum
1015 1707 1150 1763 editiones
1177 1706 1293 1777 sparsis,
1322 1707 1476 1778 transigere

369 1810 501 1883 potuerit.
540 1810 705 1866 Obiit....''

406 1917 439 1972 In
458 1916 512 1971 hoc
530 1915 613 1971 verbo
633 1915 753 1970 desierat
771 1917 801 1971 et
821 1915 912 1970 Coteto
928 1916 1053 1986 scripsit:
1071 1917 1165 1972 »hunc
1180 1916 1234 1971 tibi
1251 1916 1383 1971 ultimum
1400 1916 1475 1973 diem

370 2037 460 2077 meum
482 2021 651 2092 explendum
670 2021 825 2091 relinquo.’‘

405 2127 537 2196 Explevit
553 2125 652 2181 Oobeti
666 2125 695 2179 in
711 2125 862 2180 Rectoratu
879 2141 1019 2180 successor
1034 2125 1166 2181 Fauriusr
1184 2127 1211 2181 d.
1228 2127 1263 2180 28
1279 2126 1375 2182 Martii
1392 2125 1474 2182 1865.

406 2231 481 2296 Quae
507 2229 535 2283 in
560 2230 636 2284 nuda
660 2245 693 2284 ao
719 2228 839 2300 simplici
863 2229 916 2284 hac
940 2231 1152 2300 praecipuorum
1173 2232 1246 2287 vitae
1266 2235 1472 2287 momentorum

368 2333 512 2390 notatione
544 2333 749 2399 desiderantur,
776 2334 879 2403 partim
901 2332 960 2403 ipse
980 2335 1098 2390 tradidit
1116 2335 1326 2406 Peerlkampius
1345 2336 1473 2406 pluribus

368 2439 535 2509 scriptorum
559 2438 643 2504 locis,
668 2455 732 2492 curn
754 2437 783 2492 in
803 2437 978 2493 Praefatione
997 2439 1033 2492 ad
1051 2438 1263 2510 Xenophontem
1282 2440 1434 2510 Ephesium
1453 2459 1471 2496 a
1496 2509 1498 2514 Ι

370 2561 398 2599 re
423 2543 545 2610 editum,
568 2545 629 2598 turn
648 2543 677 2597 in
708 2543 859 2613 praemissa
884 2542 993 2597 Horatii
1012 2543 1171 2599 (terminum
1190 2545 1270 2600 libris
1290 2545 1418 2616 Epistola
1435 2547 1472 2602 ad

368 2649 467 2705 Virum
482 2649 685 2720 amplissimum
701 2648 842 2703 Collatum
858 2647 1042 2716 d’Escurium,
1058 2651 1120 2703 tum
1138 2649 1255 2719 denique
1270 2651 1300 2704 in
1317 2650 1471 2706 Satirarum

368 2755 491 2810 eiusdem
510 2757 609 2824 poetae
628 2753 786 2808 recensione
802 2751 955 2808 Abrahami
968 2753 1069 2809 Vriesii
1083 2754 1231 2810 memoriae
1245 2753 1350 2822 dicata;
1368 2756 1471 2826 partim

368 2860 493 2930 explevit
517 2861 640 2941 postumi
665 2859 791 2929 opusculi
816 2859 906 2914 editor
934 2859 981 2915 Vir
1000 2859 1041 2916 Ol.
1061 2859 1083 2915 Ι.
1104 2861 1134 2915 0.
1154 2859 1186 2915 G.
1208 2861 1292 2927 Boot,
1315 2861 1361 2916 cui
1379 2862 1471 2916 Peerl-

367 2965 496 3035 kampius
515 2965 643 3020 ultimam
660 2964 798 3034 Propertii
814 2964 944 3036 elegiam,
959 2964 1053 3020 critice
1070 2968 1221 3020 tractatam
1239 2971 1268 3021 61
1284 2966 1470 3032 illustratam,

366 3071 443 3142 typis
462 3070 669 3142 exprimendam
689 3069 854 3139 reliquerat,
874 3069 976 3140 quique
995 3069 1025 3123 in
1044 3070 1220 3125 Praefatione
1238 3071 1316 3126 lectu
1336 3071 1421 3142 digna
1437 3070 1470 3124 de

366 3177 418 3233 riri
443 3177 514 3244 rita,
540 3177 677 3242 moribus,
699 3175 809 3246 scriptis
827 3174 953 3230 narrarit
972 3175 1123 3242 nonnulla,
1143 3191 1214 3244 quae
1233 3176 1337 3245 partim
1357 3192 1372 3230 e
1392 3174 1471 3230 libris

365 3281 463 3347 611116,
488 3281 591 3351 partim
617 3297 651 3334 ex
676 3280 803 3349 epistolis
825 3279 939 3334 ineditis
959 3283 988 3334 et
1006 3280 1186 3335 familiarium
1206 3282 1379 3336 sermonibus
1399 3280 1470 3334 didi-

365 3385 433 3441 cisse
453 3402 481 3439 se
501 3385 555 3450 ait;
575 3384 738 3453 ampliorem
759 3384 792 3438 de
812 3383 868 3437 illis
886 3383 968 3437 rebus
982 3384 1170 3440 narrationem
1189 3386 1289 3456 cupide
1307 3388 1470 3456 exspectans

364 3491 401 3545 ab
424 3490 518 3558 aliquo
538 3506 647 3554 eorum,
666 3488 715 3558 qui
734 3490 828 3558 plures
846 3506 897 3558 per
915 3504 1003 3543 annos
1022 3489 1236 3545 familiarissime
1257 3510 1320 3546 cum
1340 3508 1372 3547 eo
1394 3490 1469 3546 vire·

363 3597 430 3652 rint.
457 3627 490 3636 -
515 3593 612 3664 Neque
638 3594 805 3664 negligenda
830 3595 896 3648 sunt
919 3609 991 3662 quae
1021 3593 1055 3649 de
1079 3595 1273 3666 Peerlkampio
1294 3595 1393 3652 retulit
1412 3597 1468 3650 Lu-

362 3703 458 3758 cianus
486 3701 588 3756 Muller
615 3700 645 3753 in
673 3699 829 3754 Annalibus
858 3699 1031 3770 Philologiae
1059 3700 1190 3755 classicae
1221 3703 1397 3772 (Jaaroucaer
1422 3701 1468 3760 far

364 3810 500 3862 6166616616
524 3808 681 3876 Ptilclcpc’e,
703 3804 789 3871 1868,
811 3805 863 3859 N0.
884 3805 934 3870 22,
963 3823 990 3873 p.
1012 3805 1171 3876 111-186)
1197 3805 1231 3860 16
1251 3822 1398 3876 congressu
1417 3821 1466 3860 666

362 3929 425 3966 eum
449 3928 496 3974 eor
522 3927 555 3965 ac
580 3910 657 3965 brevi
682 3911 745 3979 post
778 3908 828 3963 viri
855 3908 978 3975 obitum,
1004 3909 1034 3963 in
1061 3909 1155 3976 Diario
1183 3910 1341 3965 Coloniensi
1361 3910 1467 3980 (Kalaa-

361 4019 419 4071 sclc
439 4017 564 4086 Zeitcnp)
584 4015 610 4069 d.
632 4016 648 4068 6
667 4011 771 4084 Aprilis
791 4031 816 4068 a.
839 4015 924 4080 1815,
945 4015 998 4068 N0.
1008 4015 1057 4080 95,
1078 4032 1105 4084 p.
1126 4015 1161 4082 3,
1178 4017 1208 4070 et
1222 4014 1350 4084 pluribus
1367 4012 1467 4069 deinde

361 4121 429 4176 locis
448 4120 477 4174 in
497 4120 622 4175 Historia
640 4118 812 4189 Philologiae
832 4119 956 4173 Batavae
975 4119 1141 4190 (Geecticltc
1160 4121 1206 4174 der
1225 4121 1384 4174 tlaasieclen
1403 4119 1467 4172 Pti-

361 4226 454 4297 uuqa
473 4225 502 4280 a
521 4227 570 4280 aen
589 4225 796 4295 16666666)
817 4199 926 4294 Lipsiae
945 4222 1022 4278 666
1041 4240 1066 4278 a.
1088 4223 1169 4279 rece.

396 4434 468 4500 curu
492 4408 600 4488 66666
624 4431 653 4485 rn
673 4432 836 4502 colligendis
855 4449 888 4486 aa
908 4432 998 4486 denuo
1018 4430 1131 4486 caenas
1153 4430 1197 4484 aa
1216 4430 1357 4500 opusculis
1377 4432 1467 4487 secura
