3338 5302
535 571 574 618 nn
594 571 791 618 xnuoenours
810 573 945 618 resinam.
1272 556 1293 617 9

190 754 254 819 auis
288 732 460 838 legendum
494 755 661 819 dederunt.
699 793 739 802 -
772 753 856 832 Nos,
891 755 948 839 qui
978 755 1014 818 in
1044 755 1105 820 hoo
1135 755 1291 820 aaltcma

189 873 360 939 maioribus
390 896 457 938 non
487 874 765 959 degeneravimus,
797 895 855 940 nos
885 874 962 939 haec
985 873 1090 939 lentos
1120 896 1212 959 posse
1233 878 1289 940 ad·

188 995 324 1080 spicere,
367 1017 427 1059 nec
469 994 635 1072 arbitrari,
678 995 806 1080 longo‘us
849 997 972 1060 exteros
1007 995 1099 1060 nobis
1134 997 1289 1074 eminere,

188 1137 284 1198 quam
307 1116 452 1200 generosi
474 1115 574 1180 animi
597 1114 679 1180 ferre
701 1118 758 1179 aut
781 1116 906 1200 possint
927 1119 984 1179 aut
1007 1117 1168 1182 debeant?

232 1234 406 1320 Equidem,
441 1235 630 1314 Auditorea,
661 1258 760 1321 quum
789 1236 868 1302 haec
889 1258 1014 1302 mecum
1037 1259 1130 1322 saepe
1151 1259 1288 1324 perpen-

184 1357 319 1435 dissem,
342 1357 440 1422 istum
463 1357 499 1421 in
520 1379 571 1421 me
593 1356 752 1442 suscipere
773 1356 914 1422 lahorem
936 1379 1003 1424 non
1025 1357 1144 1444 defugi.
1179 1357 1229 1425 Ac
1248 1383 1288 1426 ne
1417 1420 1430 1434 ,

185 1478 257 1562 quis
290 1500 341 1543 me
373 1477 522 1543 iuvenilis
556 1477 720 1543 cuiusdam
749 1477 890 1543 levitatis
920 1482 978 1543 out
1010 1480 1197 1545 temeritatis
1218 1479 1287 1546 iure

185 1602 328 1679 accuset,
352 1621 479 1664 omnem
502 1621 606 1665 meam
627 1599 767 1684 suscepti
790 1599 893 1684 operis
916 1601 1073 1664 rationem
1096 1621 1262 1685 exponam.

229 1717 296 1785 Vos
326 1741 377 1784 me
407 1723 447 1785 de
477 1742 528 1785 mc
558 1720 627 1805 ipso
659 1720 817 1784 dicentem
840 1719 935 1784 solita
957 1724 1062 1786 vestra
1085 1720 1286 1788 humanitate
1356 1790 1357 1793 ,

183 1841 360 1930 patiamini.
414 1840 551 1906 Biennio
590 1840 728 1927 amplius
758 1842 822 1918 eat,
853 1843 1023 1925 postquam
1052 1841 1108 1907 diu
1137 1841 1285 1908 laudibus

182 1959 407 2046 Xenophontis
437 1982 529 2026 aures
559 1959 639 2026 mihi
664 1963 915 2047 peremerant,
938 1983 1038 2046 quum
1060 1983 1111 2026 me
1134 1965 1175 2027 ad
1197 1962 1284 2028 illius

182 2080 351 2148 lectionem
374 2081 574 2148 contulerim.
622 2079 784 2147 Continuo
807 2101 958 2166 magnam
980 2083 1055 2146 inde
1077 2084 1203 2181 percepi
1226 2104 1283 2149 vo·

182 2201 356 2286 luptatem,
381 2204 415 2267 ct
436 2201 497 2268 hoc
519 2201 621 2287 magis
643 2199 790 2268 dolebam
812 2201 999 2287 scriptorem
1022 2205 1193 2269 venustum
1216 2207 1283 2268 tam

181 2323 264 2386 male
293 2326 459 2408 acceptum
489 2325 534 2387 ad.
560 2344 619 2388 nos
649 2323 838 2408 pervenisse.
886 2321 1009 2388 Utebar
1033 2323 1173 2388 editione
1195 2322 1282 2388 Lon-

179 2443 322 2520 dinensi,
342 2463 401 2507 neo
424 2444 464 2506 de
486 2443 622 2507 aliorum
644 2443 807 2509 laboribus
826 2442 1001 2528 quidquam
1021 2443 1200 2524 audieram,
1223 2467 1281 2508 ne-

178 2564 253 2627 dum
286 2563 436 2628 viderem.
484 2552 601 2639 Quare
619 2563 654 2628 in
677 2585 750 2628 eum
773 2567 935 2630 auctorem
957 2564 1106 2630 incidisse
1129 2564 1208 2628 mihi
1232 2566 1279 2630 vi-

177 2684 291 2764 debar,
323 2685 378 2769 qui
407 2684 549 2750 studium
572 2706 678 2750 meum
702 2683 893 2750 Graecarum
915 2684 1080 2750 literarum
1103 2707 1186 2751 unus
1209 2709 1278 2751 om·

175 2805 273 2870 nium.
287 2805 422 2890 optimo,
447 2805 508 2870 hac
529 2805 716 2890 praesertim
739 2809 860 2884 aetate,
884 2827 1027 2870 exercere
1049 2810 1166 2890 posset.

219 2926 294 3011 Ipsa
316 2928 406 2992 enim
425 2926 563 2992 facilitas
587 2950 637 2992 me
660 2926 835 3006 incitabat,
860 2927 1046 3013 simplicitas
1065 2920 1276 3012 perducebat,
1400 2940 1403 2946 '

172 3047 313 3113 iucunda
342 3048 480 3113 varietas
509 3048 651 3116 tenebat.
697 3047 812 3132 Itaque
842 3050 1000 3133 quantum
1031 3070 1089 3132 per
1110 3049 1212 3114 otium
1235 3050 1275 3113 li-

172 3168 279 3248 cebat,
305 3169 395 3234 nullo
418 3167 486 3233 fere
506 3169 558 3233 die
581 3189 653 3233 eum
676 3171 716 3234 de
738 3168 887 3234 manibus
905 3169 1048 3253 deposui.
1093 3169 1276 3255 Xenophon

171 3311 222 3354 mo
249 3290 431 3357 delectabat
453 3289 556 3369 domi,
580 3288 762 3374 Xenophon
785 3310 852 3354 non
873 3286 1069 3374 impediebat
1090 3288 1186 3370 foris,
1209 3291 1274 3356 Xe·

171 3410 304 3496 nophon
335 3432 403 3474 non
433 3410 530 3480 semol
560 3431 684 3475 mecum
706 3410 967 3494 pernoctabatur.
1014 3409 1101 3475 Illud
1123 3411 1274 3478 nimirum

91 3592 95 3600 .
170 3532 320 3618 agebam,
354 3533 392 3595 ut
423 3552 520 3616 quam
550 3529 620 3596 fieri
650 3533 757 3615 posset
786 3531 958 3598 maximam
988 3553 1061 3596 cum
1084 3553 1122 3598 eo
1145 3535 1272 3598 contra-

168 3653 276 3718 herem
307 3651 567 3718 familiaritatem.
614 3650 666 3717 Sic
697 3651 782 3717 enim
812 3673 832 3716 a
861 3651 938 3717 viris
969 3651 1160 3718 doctissimis
1183 3673 1272 3718 acoe-

68 3837 71 3841 .
168 3796 294 3858 peram,
318 3775 381 3840 iste
402 3777 546 3841 veterum
564 3774 790 3851 monumenta,
809 3794 891 3857 quae
909 3773 1101 3838 illustranda
1120 3773 1181 3837 sihi
1201 3773 1272 3858 quis

168 3898 291 3972 sumat,
322 3893 451 3980 penitus
481 3894 511 3958 ei
542 3913 610 3958 esse
640 3895 878 3982 pernoscenda,
910 3895 944 3957 et
968 3892 1005 3958 in
1028 3913 1161 3975 succum·
1181 3894 1273 3978 qnasi

169 4018 200 4080 et
230 4015 421 4100 sanguinem
453 4015 676 4080 convertenda.
702 4051 742 4064 -
767 4011 860 4089 Quod
882 4035 982 4098 quum
1003 4011 1172 4098 perfecisse
1193 4013 1273 4078 mihi

167 4135 304 4214 viderer,
328 4157 401 4201 cum
422 4135 501 4200 alios
524 4133 715 4213 nonnullos,
739 4155 819 4222 quos
843 4134 885 4198 ab
907 4136 1011 4200 aetate
1033 4133 1119 4199 illius
1139 4134 1272 4198 nonita

166 4259 323 4333 remotos,
359 4258 430 4321 tum
463 4255 610 4341 inprimis
644 4255 782 4340 reliquos
817 4253 963 4320 Erotioos
998 4274 1065 4319 non
1099 4254 1167 4319 sine
1197 4252 1296 4316 dili·
1422 4327 1428 4338 Ι

167 4378 278 4463 gentia
309 4376 417 4462 alique
447 4376 567 4455 evolvi,
599 4380 631 4442 et
661 4374 910 4464 Xenophontem
941 4376 1109 4468 emendare
1140 4376 1172 4439 et
1194 4373 1269 4438 illu-

164 4501 266 4564 strare
298 4517 467 4583 aggressus
498 4519 579 4564 sum.
606 4535 646 4546 -
677 4495 829 4576 Interim,
854 4497 891 4560 nt
914 4494 970 4574 lit,
995 4491 1269 4560 Hemsterhusium
