3362 5300
544 563 737 610 nusnronnors
759 563 962 610 morronrsos,
1270 549 1309 610 79

195 746 427 811 commovebat.
474 746 614 812 Laudem
647 746 770 831 patriae
801 747 855 832 agi
885 719 1060 831 putebant,
1085 768 1145 812 nec
1168 746 1232 810 iam
1255 768 1307 811 so-

194 867 254 957 lita
284 869 390 952 quiete
419 868 583 946 contenti,
617 889 650 933 se
681 889 806 952 quoque
830 868 971 932 vindices
994 867 1145 952 perfidiae
1166 867 1234 931 fore
1258 868 1307 932 di-

194 990 372 1067 ctitabant,
397 992 431 1052 et
454 989 603 1054 omnibus
625 988 795 1074 pulchrum
818 989 854 1052 in
878 989 973 1053 armis
993 991 1077 1053 stare
1095 982 1306 1053 succurrebat.

195 1109 279 1186 Quid
302 1110 428 1174 multa?
474 1109 585 1175 Nobili
607 1110 720 1173 ardore
743 1109 898 1193 correpti,
923 1109 992 1174 aliis
1015 1110 1195 1195 exemplum
1214 1131 1307 1194 prae·

197 1235 327 1308 euntes,
350 1230 435 1295 ultro
459 1231 592 1295 nomina
613 1230 746 1295 militiae
769 1230 939 1295 dederunt.
976 1230 1163 1295 Voluissent
1186 1252 1306 1296 omnes.

195 1351 281 1417 Nam
316 1355 349 1416 et
383 1353 453 1436 ipsa
487 1352 603 1416 militia
637 1350 711 1416 huic
747 1352 844 1415 aetati
880 1351 978 1417 habet
1010 1352 1087 1416 satis
1120 1351 1307 1418 dulcedinis,

194 1473 279 1548 Quid
309 1461 371 1550 eo,
395 1494 491 1557 quam
522 1493 580 1558 pro
611 1473 669 1537 tali
701 1495 811 1550 causa,
844 1494 916 1537 oum
948 1473 1057 1538 amicis
1087 1475 1120 1538 et
1147 1473 1308 1537 sodalibus

194 1596 311 1678 geras?
357 1593 418 1659 Sed
449 1615 516 1658 non
550 1615 661 1658 omnes
692 1596 867 1678 potuerunt
900 1617 960 1659 nec
988 1594 1184 1672 debuerunt,
1208 1616 1306 1678 quos,

192 1736 389 1798 quamquam
419 1714 611 1778 iustissimae
644 1735 773 1791 causae,
805 1714 1009 1778 retinuerunt
1037 1717 1147 1779 tamen
1177 1715 1308 1781 invitos.

193 1834 327 1920 Ingenti
357 1834 458 1918 igitur
489 1855 622 1898 numero
654 1856 747 1898 usum
778 1855 938 1899 armorum
970 1834 1158 1900 didicerunt.
1206 1835 1307 1910 Quam

195 1957 280 2034 cito,
316 1956 419 2022 dicere
454 1975 522 2020 non
557 1956 692 2033 attinet,
724 1955 780 2020 ubi
809 1957 913 2040 pudor
943 1960 976 2021 et
1006 1957 1137 2020 honoris
1167 1955 1308 2020 studium

195 2079 275 2142 sunt
309 2077 465 2162 magistri.
511 2077 646 2142 Tardius
676 2098 774 2161 quam
805 2076 993 2162 cupiebant,
1025 2099 1081 2142 rex
1111 2077 1219 2142 oblata
1248 2076 1309 2141 hac

194 2219 293 2284 opero
323 2221 400 2264 usus
428 2201 489 2263 cst.
537 2195 582 2262 Et
604 2201 713 2262 temen
737 2198 801 2261 iam
825 2197 876 2261 dic
898 2219 971 2262 xm.
1020 2197 1210 2263 NovembrIs
1233 2197 1310 2262 hinc

194 2319 332 2405 profecti
367 2322 445 2384 sunt
476 2319 513 2383 in
548 2318 759 2383 Brabantiam
792 2317 1091 2402 Septentrionalem.
1138 2318 1207 2383 Iam
1243 2317 1309 2382 fere

195 2463 301 2506 annus
332 2443 395 2518 est,
426 2441 482 2504 sed
513 2440 716 2505 meminimus
745 2439 836 2504 istius
865 2439 945 2517 diei,
969 2442 1134 2524 tamquam
1158 2438 1309 2504 hesterni.

194 2561 370 2626 Pulchrum
402 2563 472 2626 erat
505 2561 731 2646 spectaculum.
778 2560 877 2627 Laeto
905 2561 1034 2645 agmine
1057 2559 1227 2624 incedebat
1250 2558 1308 2623 flos

194 2681 291 2766 pubis
314 2680 538 2759 Academicus,
563 2683 596 2745 et
617 2681 659 2744 ed
677 2681 813 2758 bellum,
834 2681 933 2746 velati
949 2679 1084 2758 festum,
1106 2679 1308 2764 properabat.

195 2801 278 2868 Viae
306 2801 512 2865 multitudine
536 2800 763 2864 deducentium
786 2800 970 2880 fervebant,
994 2805 1048 2864 a'e‘r
1069 2800 1182 2865 faustis
1204 2800 1307 2864 accle-

195 2921 393 2986 metionibus
425 2919 606 2985 resonabat.
654 2919 775 2997 Erant,
807 2922 862 2984 sed
892 2920 926 2984 hi
956 2918 1022 2984 fere
1044 2925 1212 3004 parentes,
1236 2920 1307 3004 qui·

195 3043 258 3106 bus
290 3042 449 3126 lacrymae
482 3041 727 3119 oboriebsntur,
760 3041 852 3105 vultu
885 3043 992 3105 tamen
1016 3041 1056 3104 ad
1079 3041 1240 3124 placidum
1262 3039 1306 3104 ri-

197 3186 269 3227 sum
292 3163 479 3247 composito.

244 3283 305 3349 Sed
338 3304 430 3349 nemo
461 3283 605 3347 omnium
639 3282 804 3366 cogitabat
835 3280 902 3346 lore
934 3285 969 3346 ut
992 3283 1146 3348 exercitus
1170 3281 1309 3348 Hellan-

196 3409 257 3469 dus
288 3425 402 3469 novem
435 3425 557 3470 menses
588 3403 718 3488 ingrato
749 3403 815 3466 otio
847 3403 883 3468 in
912 3403 1030 3469 finibus
1052 3407 1193 3470 duceret.
1240 3405 1307 3471 Sci·

195 3549 285 3603 mus,
329 3547 371 3590 an
411 3525 518 3608 potius
561 3523 737 3603 nescimus,
780 3524 858 3608 quid
900 3524 1024 3588 interea
1061 3525 1161 3608 legati
1195 3547 1307 3610 regum

195 3647 338 3712 Londini
369 3647 503 3730 egerint.
551 3645 613 3712 Sed
643 3645 704 3710 hoo
736 3645 868 3722 scimus,
900 3666 963 3729 quo
991 3645 1097 3709 enimc
1121 3645 1223 3709 nostri
1245 3647 1307 3708 im·

196 3769 384 3853 pudentiam
427 3772 460 3832 et
502 3767 720 3851 arrogantiam
755 3767 927 3850 Belgarum
961 3765 1162 3851 pertulerint.
1209 3765 1307 3830 Pauci

196 3890 348 3966 rebelles,
378 3891 434 3974 qui
462 3890 490 3953 si
521 3891 606 3953 idem
636 3889 672 3952 in
694 3887 800 3954 Scotia
831 3887 881 3953 vel
911 3887 1067 3952 Hibernia
1094 3887 1147 3952 vel
1169 3886 1206 3950 in
1229 3907 1306 3972 agro

195 4010 381 4076 Vendeensi
408 4011 575 4088 fecissent,
607 4009 725 4074 innexa
754 4009 867 4092 laqueo
897 4009 974 4093 gula
1004 4011 1043 4072 de
1065 4008 1211 4092 patibulo
1233 4031 1304 4072 sus-

197 4133 432 4216 penderentur,
475 4131 538 4194 toti
578 4129 725 4214 Europae
768 4130 899 4212 impune
933 4129 1085 4193 illudunt.
1148 4129 1308 4194 Nimirum

196 4274 267 4329 are,
305 4275 401 4336 quam
432 4274 583 4317 vocemus
612 4251 879 4335 Diplomatiosm,
909 4248 1063 4326 difficilis,
1096 4251 1244 4314 contorta
1274 4252 1307 4313 et

196 4377 306 4463 grnris
347 4397 413 4440 esse
449 4375 583 4440 videtur.
639 4374 757 4438 Rerum
788 4371 963 4435 multorum
992 4391 1102 4435 1111111
1130 4371 1185 4434 diu
1215 4372 1306 4453 post,

191 4496 333 4562 aliarum
358 4515 523 4581 nunquam
548 4500 692 4561 accurate
719 4494 878 4560 discimus.
925 4491 1184 4557 Deliberantibus
1206 4491 1307 4576 igitur
