3362 5296
529 548 567 593 nn
586 547 711 593 munio
730 545 882 592 aeeosvro.
1224 526 1283 589 ,141

183 731 273 798 sime.
320 731 389 798 Nos
418 733 546 817 quidem
576 733 623 797 ita
653 731 771 796 fuimus
797 730 942 815 probati,
967 732 1093 796 utnon
1117 729 1176 806 sit,
1201 731 1287 815 quod

182 854 285 918 nostri
306 875 365 918 nos
389 853 528 919 nominis
551 855 681 937 pudeat.

227 974 268 1039 In
298 997 360 1058 que
390 996 425 1041 re
456 996 534 1058 quas
564 973 691 1058 egeritis
721 976 845 1056 partes,
878 994 981 1056 neque
1004 975 1109 1037 vestra
1132 972 1286 1036 modestia

160 1075 284 1179 neque
315 1117 385 1160 mea
415 1094 609 1160 consuetudo
641 1116 691 1158 me
722 1114 880 1178 exponere
910 1091 1088 1177 patiuntur.
1135 1090 1230 1175 Spem
1254 1096 1286 1156 et

179 1216 449 1299 exspectationem
480 1217 642 1291 nostram,
666 1217 781 1278 ducum
803 1215 997 1289 vestrorum,
1021 1212 1122 1296 regis,
1144 1211 1285 1296 patriae„

179 1336 324 1400 omnium
346 1335 483 1412 vicistis,
507 1357 696 1419 causamque
716 1335 813 1418 longe
835 1321 1100 1418 pulcherrimam,
1125 1353 1205 1415 quae
1224 1353 1283 1415 pro
1377 1326 1379 1330 ’

179 1455 242 1519 eris
265 1454 423 1538 focisque,
446 1476 504 1538 pro
527 1455 692 1531 libertate,
716 1474 774 1538 pro
797 1455 918 1518 tuende
940 1452 1097 1517 maiorum
1120 1451 1282 1516 existima·

178 1575 268 1639 tione
304 1577 482 1658 gereretur,
517 1574 674 1658 sanguine
708 1575 741 1637 et
775 1573 842 1638 vita
875 1571 1125 1638 consecravistis.
1184 1570 1284 1636 Macti

179 1696 300 1772 estote,
333 1694 453 1778 egregii
475 1694 621 1770 iuvenes,
644 1694 709 1757 ista
731 1692 858 1758 uirtute.
905 1692 1082 1756 Mercedem
1105 1690 1281 1776 pulcherri-

177 1836 264 1878 mam
287 1814 378 1906 vobis
401 1814 466 1878 iam
487 1815 644 1879 dederunt
665 1813 804 1898 primurn
825 1813 923 1878 vestri
942 1834 1045 1878 mores
1065 1816 1097 1877 et
1116 1811 1281 1877 conscien-

178 1934 242 2010 tia,
273 1937 344 2000 tum
367 1936 459 2018 grata
483 1936 636 2018 rependet
656 1934 842 2018 posteritas,
866 1935 899 1998 et
922 1932 1053 1997 nemim
1075 1934 1181 1996 vestra
1204 1952 1281 1996 con-

176 2055 291 2138 iungat
314 2076 386 2118 cum
409 2054 592 2120 nominibus
615 2075 743 2130 eorum,
768 2053 824 2137 qui
843 2053 927 2117 diem
945 2051 1043 2136 Regis
1062 2051 1202 2115 natalem
1219 2052 1281 2115 isto

177 2195 263 2238 anno
286 2173 444 2238 Bruxeliis
468 2175 655 2239 celebraturi
676 2173 829 2252 fuissent,
857 2174 919 2238 nisi
943 2173 1098 2238 exercitus
1121 2171 1279 2256 potentis·

177 2293 249 2358 simi
271 2293 356 2378 regis
377 2293 413 2356 in
435 2293 581 2378 Europa,
605 2293 816 2371 Fiencorum,
841 2293 1030 2378 quibuscum
1049 2292 1141 2356 nobis
1159 2291 1280 2357 bellum

176 2435 243 2479 non
267 2415 349 2490 erat,
374 2435 500 2478 cursum
523 2414 728 2479 victoriarum
751 2413 893 2477 stitisset.

220 2533 325 2598 Multa
359 2533 488 2598 interim
522 2533 662 2600 accidere
696 2533 784 2598 dictu
817 2531 993 2610 mirabilia,
1025 2532 1085 2597 hoc
1114 2532 1278 2616 inprimis:

175 2654 267 2718 Intra
294 2656 403 2719 decem
433 2655 499 2718 dies
528 2654 699 2720 maximam
722 2654 826 2739 Belgii
848 2658 973 2739 partem
996 2676 1068 2718 cum
1090 2653 1279 2719 exercitibus

175 2774 293 2841 nostris
327 2774 504 2860 pugnando
538 2775 681 2860 cepistis:
724 2777 832 2840 decem
865 2775 1096 2860 propemodum
1131 2775 1208 2838 anni
1240 2751 1277 2838 in

175 2899 395 2980 componenda
424 2917 502 2980 pace
531 2895 703 2979 perierunt.
751 2893 935 2980 Composita
963 2896 1020 2959 est.
1067 2894 1136 2958 Rex
1162 2895 1277 2960 volun·

175 3015 272 3080 turios
301 3016 438 3093 dimisit,
464 3037 634 3101 eorumque
657 3014 774 3080 vexilla
796 3015 842 3079 ibi
865 3015 977 3098 reponi
999 3005 1106 3092 iussit,
1131 3014 1186 3078 ubi
1210 3036 1276 3080 me-

174 3138 277 3204 moria
307 3139 416 3202 tantae
448 3138 551 3202 laudis
580 3138 718 3203 maxima
749 3159 820 3201 cum
846 3136 1004 3221 dignitate
1026 3137 1228 3200 conservaret
1268 3183 1275 3198 .

174 3257 272 3324 Cuius
304 3258 349 3322 rei
373 3261 413 3323 ut
435 3259 531 3322 testes
554 3257 680 3334 essetis,
705 3278 761 3322 vos
784 3257 879 3322 hodie
901 3257 937 3320 in
960 3255 1044 3320 hanc
1067 3257 1176 3320 aedem
1199 3277 1276 3320 con-

173 3379 366 3444 vocavimus.
413 3377 500 3462 Rrgo
522 3377 661 3462 primum
684 3377 790 3442 audite
812 3377 1004 3443 sententiam
1027 3377 1146 3442 decreti
1165 3376 1275 3462 Regii:

223 3617 427 3696 (inilicitum,
463 3619 527 3684 Dei
557 3621 663 3704 pratia
698 3617 767 3684 Rea
802 3618 1087 3693 Neerlaadiorum,
1124 3618 1276 3706 Princeps

171 3740 330 3806 Arausioc
353 3752 382 3804 ct
404 3739 596 3816 Nemaviae,
620 3737 756 3823 Magnus
779 3737 858 3802 Dua·
881 3737 1109 3821 Macmburpi,
1134 3749 1208 3802 caet.

220 3980 500 4066 Quandoquidem,
524 4001 623 4064 quum
646 3979 697 4044 die
721 3979 740 4042 5
765 3977 911 4043 Octobris
936 3978 1022 4043 1830
1046 3980 1087 4042 ad
1110 4000 1198 4042 erma
1220 4000 1277 4044 vo·

169 4102 343 4179 cebamus,
373 4101 488 4186 ingens
518 4098 772 4165 Neerlandorum
795 4098 968 4164 multitudo
992 4100 1104 4162 ardore
1124 4098 1277 4165 inmitato

169 4225 208 4286 et
230 4220 347 4287 eximia
369 4221 453 4300 fide,
478 4219 597 4286 relictis
621 4219 713 4298 focis,
738 4218 913 4286 voluntarii
937 4219 978 4283 ad
1001 4221 1276 4296 nosuamaucto-

209 4491 267 4542 Nisi
273 4491 401 4552 caumes,
409 4528 416 4540 .
424 4528 431 4540 .
440 4492 596 4540 Frontem.
606 4504 725 4558 ..cursam
734 4489 1016 4556 murmurationi.)
1031 4490 1067 4541 Gi.
1075 4493 1119 4541 Or.
1130 4491 1193 4542 laud.
1203 4510 1227 4559 p.
1237 4495 1276 4544 83.
