3362 5300
385 587 425 657 '90
883 592 990 658 011111

429 796 575 880 Denique
605 795 789 874 ostendam,
821 817 918 881 quam
949 817 1046 881 grave
1077 795 1127 862 vir
1152 795 1207 862 ille
1227 795 1325 863 fuerit
1348 817 1494 863 momen-

384 921 454 982 tum
485 916 526 980 ad
554 919 637 981 artes
659 920 692 981 et
715 917 877 981 doctrinas
899 917 935 981 in
958 917 1131 983 Academia
1152 918 1299 984 Leidensi
1322 924 1355 984 ct
1376 924 1494 986 cuncta

288 1057 292 1066 ·
384 1037 600 1104 Naderlandia
626 1037 876 1123 amplificandas.

429 1281 530 1349 Iulius
561 1281 675 1348 Caesar
698 1282 855 1366 Scaliger,
880 1280 1060 1347 Burdenius
1083 1282 1227 1368 (Burdan
1251 1288 1300 1348 eat
1322 1286 1495 1350 comitatus

383 1403 420 1468 in
451 1404 569 1470 finibus
598 1403 750 1480 Carniaa,
787 1400 1367 1488 1181111111111111111111111111111
1391 1410 1494 1472 desem

385 1526 465 1612 ram)
491 1528 588 1590 natus
611 1547 650 1589 ox
672 1523 893 1608 antiquissima
912 1526 1008 1608 gente
1027 1524 1202 1609 Scaligera,
1222 1546 1334 1610 regum
1352 1529 1385 1591 et
1402 1528 1493 1611 prin·

385 1647 492 1732 cipum
522 1645 748 1730 procreatrica,
782 1646 908 1730 praeter
941 1644 1020 1710 alios
1049 1644 1132 1710 filios
1160 1645 1301 1711 habebat
1321 1647 1495 1732 Iosephum

385 1766 510 1832 Iustum
533 1767 740 1851 Scaligcrum.
773 1766 869 1831 Pater
888 1787 959 1830 eum
977 1767 1108 1831 nominc
1127 1766 1226 1844 Iusti,
1246 1771 1348 1832 mator
1365 1768 1497 1854 Iosephi

386 1889 548 1975 appellare
572 1887 704 1953 solebat.
745 1887 819 1972 Ipse
841 1886 966 1971 Iosephi
990 1887 1134 1954 retinuit.
1174 1886 1279 1952 Natus
1303 1892 1351 1953 est
1370 1887 1497 1974 Aginni

385 2009 606 2094 Nitiobrigum
639 2031 667 2072 a.
694 2007 792 2073 1540.
838 2007 917 2072 Post
939 2006 1139 2093 disciplinam
1162 2012 1347 2093 paternam,
1371 2012 1404 2073 ot
1428 2013 1497 2074 erat

385 2133 477 2215 pater
506 2131 555 2195 vir
586 2130 805 2206 doctissimus,
837 2129 939 2193 literis
970 2149 1098 2213 operam
1129 2130 1261 2195 navavit
1283 2129 1496 2216 Burdigalae,

387 2254 456 2314 tum
491 2251 631 2316 Parisiis.
678 2249 739 2317 Sed
774 2250 918 2327 tardius,
955 2272 1051 2335 quam
1086 2250 1234 2329 volebat,
1270 2253 1495 2337 progrediens,

387 2371 456 2456 ipse
489 2370 549 2435 sibi
580 2371 683 2436 factus
714 2373 762 2436 est
792 2371 960 2456 magister,
992 2373 1090 2456 atque
1112 2371 1192 2436 illud
1213 2372 1393 2438 incredibili
1417 2395 1496 2438 con·

388 2491 509 2557 stantia
543 2491 665 2569 effecit,
700 2495 739 2555 ut
771 2494 858 2556 totus
894 2514 932 2556 cx
966 2515 999 2557 sc
1033 2495 1144 2578 aptus,
1175 2493 1257 2557 nihil
1288 2515 1355 2559 non
1388 2495 1496 2559 animo

391 2613 663 2697 complecteretur.

431 2734 622 2819 Ingenium,
656 2735 824 2814 memoria,
860 2734 1010 2801 iudicium
1045 2735 1172 2803 abunde
1203 2741 1304 2802 erant.
1358 2736 1494 2804 Fructus

387 2856 559 2920 meditatae
593 2854 738 2920 lectionis
771 2856 806 2920 in
837 2856 940 2921 lucem
971 2856 1067 2935 editi,
1097 2857 1133 2922 in
1166 2859 1281 2942 quibua
1312 2858 1495 2926 nominasse

388 2977 547 3042 suffecerit
588 2976 788 3055 Varronem,
829 2976 1011 3057 Catullum,
1052 2979 1236 3059 Tibullum,
1273 2981 1495 3066 Propertium,

387 3097 583 3177 Ausonium,
613 3099 782 3164 Manilium
806 3102 839 3164 ct
860 3099 1126 3165 Emendationem
1150 3100 1360 3187 Temporum,
1385 3105 1496 3167 osten·

388 3221 527 3298 debant,
551 3220 643 3304 quale
668 3223 700 3285 et
723 3223 881 3305 quantum
903 3222 1023 3286 bonum
1046 3221 1182 3288 Francia
1202 3223 1238 3287 in
1256 3222 1415 3308 Scaligero
1434 3223 1496 3288 ha-

389 3340 487 3404 beret.
533 3340 646 3423 Itaque
669 3340 755 3405 fama
790 3365 909 3407 nomen
930 3342 1015 3406 illius
1038 3365 1095 3426 per
1117 3342 1279 3434 Europam
1303 3343 1440 3422 ferebat,
1462 3348 1497 3408 et

390 3459 508 3544 gloria,
533 3460 622 3524 cuius
646 3460 790 3546 fugitans
814 3461 915 3546 magis
940 3465 1008 3528 erat
1031 3485 1126 3546 quam
1149 3449 1319 3548 appetens,
1339 3464 1495 3543 invitum,

390 3581 481 3664 quasi
511 3581 625 3646 umbra
654 3603 785 3667 corpus,
816 3582 1017 3667 sequebatur.
1065 3582 1126 3648 Sed
1150 3606 1185 3648 ea
1207 3585 1328 3670 gloria,
1352 3588 1389 3649 ut
1412 3607 1496 3649 sem·

387 3722 462 3784 per,
490 3701 629 3767 habebat
651 3702 800 3767 comitem
821 3702 985 3768 invidiam.
1033 3707 1123 3768 Hane
1145 3705 1245 3769 sensit
1265 3705 1301 3770 in
1325 3705 1497 3771 contuber-

390 3823 445 3885 nio
476 3823 621 3907 generosi
654 3823 806 3888 Ludovici
838 3821 1498 3908 011111111111111111,1111111111-

391 3942 495 4008 demia
525 3940 703 4008 Genavansi
733 3935 957 4029 Philosophiae
984 3943 1170 4015 Professor(
1206 3945 1295 4010 Iusta
1317 3966 1385 4011 non
1410 3949 1497 4025 erat,

391 4083 490 4148 eoque
513 4062 621 4127 odium
644 4063 819 4149 capitalius.
844 4063 941 4129 Ortus
965 4086 1138 4151 exgenere
1160 4066 1375 4146 nobilissimo,
1397 4066 1499 4130 maia-

425 4320 525 4370 Bardca
535 4357 540 4368 .
551 4357 573 4369 ..
590 4321 714 4370 clariloci
730 4319 860 4390 desertam)
895 4323 964 4372 conf.
982 4323 1097 4389 scaligeri
1115 4324 1190 4391 Epist.
1205 4342 1229 4392 p.
1247 4327 1303 4376 366.

426 4402 518 4467 Agriani
534 4403 704 4476 Nitiobriqum)
730 4403 852 4468 Aginnum
868 4403 963 4473 (Aper)
981 4410 1049 4456 votus
1067 4410 1091 4458 11
1110 4408 1238 4473 pulchrum
1254 4409 1368 4473 oppidum
1382 4408 1408 4457 in
1421 4407 1498 4471 Aqui·

392 4486 458 4536 tanis
483 4486 611 4550 (Gaianae)
635 4488 665 4536 ad
685 4487 793 4536 dextram
817 4502 884 4538 oram
905 4489 1048 4538 Garumnae.
1074 4489 1222 4555 Nitiobriges
1245 4493 1314 4550 aunt,
1338 4506 1397 4558 quoa
1412 4490 1499 4544 Franci

393 4582 455 4628 nunc
473 4570 593 4640 appellant
611 4571 644 4621 lca
660 4569 785 4640 Apenrwir.
