<?xml version="1.0" encoding="UTF-8"?>
<!DOCTYPE html PUBLIC "-//W3C//DTD XHTML 1.0 Transitional//EN"
    "http://www.w3.org/TR/xhtml1/DTD/xhtml1-transitional.dtd">
<html xmlns="http://www.w3.org/1999/xhtml" xml:lang="en" lang="en">
 <head>
  <title>
</title>
<meta http-equiv="Content-Type" content="text/html;charset=utf-8" />
  <meta name='ocr-system' content='tesseract 3.04.00' />
  <meta name='ocr-capabilities' content='ocr_page ocr_carea ocr_par ocr_line ocrx_word'/>
</head>
<body>
  <div class='ocr_page' id='page_1' title='image "./opusculaoratori00peergoog/opusculaoratori00peergoog_0094.png"; bbox 0 0 3362 5300; ppageno 0'>
   <div class='ocr_carea' id='block_1_1' title="bbox 548 545 1304 607">
    <p class='ocr_par' dir='ltr' id='par_1_1' title="bbox 548 545 1304 607">
     <span class='ocr_line' id='line_1_1' title="bbox 548 545 1304 607; baseline 0.009 -7"><span class='ocrx_word' id='word_1_1' title='bbox 548 553 741 602; x_wconf 74' lang='lat' dir='ltr'>AUSPIOANDIS</span> <span class='ocrx_word' id='word_1_2' title='bbox 758 555 959 604; x_wconf 77' lang='lat' dir='ltr'>nnorroumus,</span> <span class='ocrx_word' id='word_1_3' title='bbox 1269 545 1304 607; x_wconf 83' lang='lat'>71</span> 
     </span>
    </p>
   </div>
   <div class='ocr_carea' id='block_1_2' title="bbox 202 739 1308 824">
    <p class='ocr_par' dir='ltr' id='par_1_2' title="bbox 202 739 1308 824">
     <span class='ocr_line' id='line_1_2' title="bbox 202 739 1308 824; baseline -0.001 -16"><span class='ocrx_word' id='word_1_4' title='bbox 202 740 305 808; x_wconf 76' lang='lat' dir='ltr'>Albae</span> <span class='ocrx_word' id='word_1_5' title='bbox 329 742 362 804; x_wconf 86' lang='lat' dir='ltr'>et</span> <span class='ocrx_word' id='word_1_6' title='bbox 384 739 530 824; x_wconf 81' lang='lat' dir='ltr'>contigui</span> <span class='ocrx_word' id='word_1_7' title='bbox 553 755 684 824; x_wconf 72' lang='lat' dir='ltr'>aggeres</span> <span class='ocrx_word' id='word_1_8' title='bbox 708 741 991 806; x_wconf 84' lang='lat' dir='ltr'>committebantur</span> <span class='ocrx_word' id='word_1_9' title='bbox 1013 741 1222 820; x_wconf 80' lang='lat' dir='ltr'>defendendi,</span> <span class='ocrx_word' id='word_1_10' title='bbox 1250 765 1308 807; x_wconf 87' lang='lat' dir='ltr'>no-</span> 
     </span>
    </p>
   </div>
   <div class='ocr_carea' id='block_1_3' title="bbox 203 859 1308 1065">
    <p class='ocr_par' dir='ltr' id='par_1_3' title="bbox 203 859 1308 1065">
     <span class='ocr_line' id='line_1_3' title="bbox 203 859 1308 948; baseline 0 -20"><span class='ocrx_word' id='word_1_11' title='bbox 203 865 331 945; x_wconf 86' lang='lat' dir='ltr'>ctesque</span> <span class='ocrx_word' id='word_1_12' title='bbox 363 862 396 925; x_wconf 86' lang='lat' dir='ltr'>et</span> <span class='ocrx_word' id='word_1_13' title='bbox 426 861 493 926; x_wconf 85' lang='lat' dir='ltr'>dies</span> <span class='ocrx_word' id='word_1_14' title='bbox 523 881 581 944; x_wconf 88' lang='lat' dir='ltr'>per</span> <span class='ocrx_word' id='word_1_15' title='bbox 602 859 765 946; x_wconf 76' lang='lat' dir='ltr'>integrum</span> <span class='ocrx_word' id='word_1_16' title='bbox 788 883 909 926; x_wconf 84' lang='lat' dir='ltr'>annum</span> <span class='ocrx_word' id='word_1_17' title='bbox 933 864 1086 927; x_wconf 81' lang='lat' dir='ltr'>stationes</span> <span class='ocrx_word' id='word_1_18' title='bbox 1110 865 1143 927; x_wconf 89' lang='lat' dir='ltr'>et</span> <span class='ocrx_word' id='word_1_19' title='bbox 1164 863 1308 948; x_wconf 80' lang='lat' dir='ltr'>vigilias,</span> 
     </span>
     <span class='ocr_line' id='line_1_4' title="bbox 203 981 744 1065; baseline -0.006 -18"><span class='ocrx_word' id='word_1_20' title='bbox 203 982 259 1047; x_wconf 93' lang='lat' dir='ltr'>ubi</span> <span class='ocrx_word' id='word_1_21' title='bbox 282 1003 361 1065; x_wconf 92' lang='lat' dir='ltr'>opus</span> <span class='ocrx_word' id='word_1_22' title='bbox 383 983 482 1058; x_wconf 88' lang='lat' dir='ltr'>esset,</span> <span class='ocrx_word' id='word_1_23' title='bbox 507 981 744 1065; x_wconf 86' lang='lat' dir='ltr'>disposuerunt.</span> 
     </span>
    </p>
   </div>
   <div class='ocr_carea' id='block_1_4' title="bbox 249 1100 1310 1189">
    <p class='ocr_par' dir='ltr' id='par_1_4' title="bbox 249 1100 1310 1189">
     <span class='ocr_line' id='line_1_5' title="bbox 249 1100 1310 1189; baseline 0.002 -23"><span class='ocrx_word' id='word_1_24' title='bbox 249 1105 318 1168; x_wconf 91' lang='lat' dir='ltr'>Hoc</span> <span class='ocrx_word' id='word_1_25' title='bbox 339 1122 439 1186; x_wconf 83' lang='lat' dir='ltr'>genus</span> <span class='ocrx_word' id='word_1_26' title='bbox 462 1100 596 1166; x_wconf 81' lang='lat' dir='ltr'>militiae</span> <span class='ocrx_word' id='word_1_27' title='bbox 619 1100 755 1166; x_wconf 81' lang='lat' dir='ltr'>habetur</span> <span class='ocrx_word' id='word_1_28' title='bbox 777 1100 844 1166; x_wconf 85' lang='lat' dir='ltr'>fere</span> <span class='ocrx_word' id='word_1_29' title='bbox 869 1102 974 1168; x_wconf 91' lang='lat' dir='ltr'>minus</span> <span class='ocrx_word' id='word_1_30' title='bbox 998 1103 1189 1187; x_wconf 83' lang='lat' dir='ltr'>gloriosum,</span> <span class='ocrx_word' id='word_1_31' title='bbox 1213 1126 1310 1189; x_wconf 90' lang='lat' dir='ltr'>quam</span> 
     </span>
    </p>
   </div>
   <div class='ocr_carea' id='block_1_5' title="bbox 203 1222 1334 4562">
    <p class='ocr_par' dir='ltr' id='par_1_5' title="bbox 203 1222 1315 2512">
     <span class='ocr_line' id='line_1_6' title="bbox 203 1222 1312 1307; baseline 0.001 -19"><span class='ocrx_word' id='word_1_32' title='bbox 203 1224 239 1288; x_wconf 93' lang='lat' dir='ltr'>in</span> <span class='ocrx_word' id='word_1_33' title='bbox 260 1222 373 1288; x_wconf 84' lang='lat' dir='ltr'>cestris</span> <span class='ocrx_word' id='word_1_34' title='bbox 392 1224 523 1306; x_wconf 79' lang='lat' dir='ltr'>degere,</span> <span class='ocrx_word' id='word_1_35' title='bbox 549 1224 647 1286; x_wconf 87' lang='lat' dir='ltr'>noctu</span> <span class='ocrx_word' id='word_1_36' title='bbox 671 1222 732 1286; x_wconf 91' lang='lat' dir='ltr'>sub</span> <span class='ocrx_word' id='word_1_37' title='bbox 753 1222 827 1300; x_wconf 80' lang='lat' dir='ltr'>diyo</span> <span class='ocrx_word' id='word_1_38' title='bbox 850 1225 891 1286; x_wconf 87' lang='lat' dir='ltr'>ad</span> <span class='ocrx_word' id='word_1_39' title='bbox 914 1223 1007 1307; x_wconf 82' lang='lat' dir='ltr'>ignes</span> <span class='ocrx_word' id='word_1_40' title='bbox 1035 1224 1086 1288; x_wconf 88' lang='lat' dir='ltr'>vel</span> <span class='ocrx_word' id='word_1_41' title='bbox 1110 1225 1146 1288; x_wconf 94' lang='lat' dir='ltr'>in</span> <span class='ocrx_word' id='word_1_42' title='bbox 1172 1226 1312 1290; x_wconf 84' lang='lat' dir='ltr'>tenebris</span> 
     </span>
     <span class='ocr_line' id='line_1_7' title="bbox 204 1341 1311 1426; baseline 0.002 -18"><span class='ocrx_word' id='word_1_43' title='bbox 204 1344 322 1419; x_wconf 86' lang='lat' dir='ltr'>iacere,</span> <span class='ocrx_word' id='word_1_44' title='bbox 346 1343 383 1407; x_wconf 91' lang='lat' dir='ltr'>in</span> <span class='ocrx_word' id='word_1_45' title='bbox 406 1341 534 1426; x_wconf 82' lang='lat' dir='ltr'>agmine</span> <span class='ocrx_word' id='word_1_46' title='bbox 556 1342 719 1419; x_wconf 80' lang='lat' dir='ltr'>incedere,</span> <span class='ocrx_word' id='word_1_47' title='bbox 743 1342 869 1408; x_wconf 88' lang='lat' dir='ltr'>hostem</span> <span class='ocrx_word' id='word_1_48' title='bbox 894 1364 981 1409; x_wconf 91' lang='lat' dir='ltr'>nunc</span> <span class='ocrx_word' id='word_1_49' title='bbox 1004 1365 1043 1408; x_wconf 85' lang='lat' dir='ltr'>ex</span> <span class='ocrx_word' id='word_1_50' title='bbox 1060 1344 1204 1421; x_wconf 81' lang='lat' dir='ltr'>insidiis,</span> <span class='ocrx_word' id='word_1_51' title='bbox 1223 1368 1311 1410; x_wconf 89' lang='lat' dir='ltr'>nuno</span> 
     </span>
     <span class='ocr_line' id='line_1_8' title="bbox 205 1461 1312 1550; baseline 0.001 -21"><span class='ocrx_word' id='word_1_52' title='bbox 205 1465 311 1550; x_wconf 85' lang='lat' dir='ltr'>palam</span> <span class='ocrx_word' id='word_1_53' title='bbox 353 1462 480 1526; x_wconf 84' lang='lat' dir='ltr'>adoriri.</span> <span class='ocrx_word' id='word_1_54' title='bbox 538 1461 597 1526; x_wconf 81' lang='lat' dir='ltr'>Est</span> <span class='ocrx_word' id='word_1_55' title='bbox 637 1484 713 1529; x_wconf 84' lang='lat' dir='ltr'>sene</span> <span class='ocrx_word' id='word_1_56' title='bbox 747 1465 786 1528; x_wconf 90' lang='lat' dir='ltr'>de</span> <span class='ocrx_word' id='word_1_57' title='bbox 820 1463 890 1528; x_wconf 81' lang='lat' dir='ltr'>istis</span> <span class='ocrx_word' id='word_1_58' title='bbox 925 1464 1080 1529; x_wconf 87' lang='lat' dir='ltr'>militibus</span> <span class='ocrx_word' id='word_1_59' title='bbox 1115 1465 1312 1549; x_wconf 82' lang='lat' dir='ltr'>frequentior</span> 
     </span>
     <span class='ocr_line' id='line_1_9' title="bbox 205 1582 1312 1670; baseline 0.001 -20"><span class='ocrx_word' id='word_1_60' title='bbox 205 1607 326 1661; x_wconf 89' lang='lat' dir='ltr'>sermo,</span> <span class='ocrx_word' id='word_1_61' title='bbox 359 1605 455 1668; x_wconf 84' lang='lat' dir='ltr'>quam</span> <span class='ocrx_word' id='word_1_62' title='bbox 479 1585 517 1646; x_wconf 89' lang='lat' dir='ltr'>de</span> <span class='ocrx_word' id='word_1_63' title='bbox 541 1582 771 1668; x_wconf 75' lang='lat' dir='ltr'>praesidiariis,</span> <span class='ocrx_word' id='word_1_64' title='bbox 796 1606 932 1668; x_wconf 88' lang='lat' dir='ltr'>quorum</span> <span class='ocrx_word' id='word_1_65' title='bbox 954 1607 1054 1670; x_wconf 87' lang='lat' dir='ltr'>prope</span> <span class='ocrx_word' id='word_1_66' title='bbox 1078 1586 1312 1664; x_wconf 84' lang='lat' dir='ltr'>obliviscimur,</span> 
     </span>
     <span class='ocr_line' id='line_1_10' title="bbox 206 1704 1312 1792; baseline 0.001 -21"><span class='ocrx_word' id='word_1_67' title='bbox 206 1706 268 1771; x_wconf 88' lang='lat' dir='ltr'>nisi</span> <span class='ocrx_word' id='word_1_68' title='bbox 297 1704 424 1770; x_wconf 88' lang='lat' dir='ltr'>moenia</span> <span class='ocrx_word' id='word_1_69' title='bbox 456 1704 624 1768; x_wconf 87' lang='lat' dir='ltr'>tormentis</span> <span class='ocrx_word' id='word_1_70' title='bbox 655 1704 851 1788; x_wconf 83' lang='lat' dir='ltr'>quatiantur.</span> <span class='ocrx_word' id='word_1_71' title='bbox 898 1705 960 1770; x_wconf 81' lang='lat' dir='ltr'>Sed</span> <span class='ocrx_word' id='word_1_72' title='bbox 989 1728 1047 1772; x_wconf 90' lang='lat' dir='ltr'>nos</span> <span class='ocrx_word' id='word_1_73' title='bbox 1070 1708 1205 1792; x_wconf 81' lang='lat' dir='ltr'>gloriam</span> <span class='ocrx_word' id='word_1_74' title='bbox 1228 1709 1312 1772; x_wconf 91' lang='lat' dir='ltr'>mili-</span> 
     </span>
     <span class='ocr_line' id='line_1_11' title="bbox 206 1823 1314 1916; baseline 0.001 -25"><span class='ocrx_word' id='word_1_75' title='bbox 206 1831 306 1894; x_wconf 84' lang='lat' dir='ltr'>tarem</span> <span class='ocrx_word' id='word_1_76' title='bbox 329 1847 396 1890; x_wconf 91' lang='lat' dir='ltr'>non</span> <span class='ocrx_word' id='word_1_77' title='bbox 419 1823 505 1888; x_wconf 89' lang='lat' dir='ltr'>fama</span> <span class='ocrx_word' id='word_1_78' title='bbox 530 1847 588 1888; x_wconf 90' lang='lat' dir='ltr'>nec</span> <span class='ocrx_word' id='word_1_79' title='bbox 610 1824 700 1916; x_wconf 78' lang='lat' dir='ltr'>vulgi</span> <span class='ocrx_word' id='word_1_80' title='bbox 724 1825 874 1908; x_wconf 89' lang='lat' dir='ltr'>opinione</span> <span class='ocrx_word' id='word_1_81' title='bbox 897 1826 1063 1904; x_wconf 83' lang='lat' dir='ltr'>metimur,</span> <span class='ocrx_word' id='word_1_82' title='bbox 1088 1830 1142 1891; x_wconf 83' lang='lat' dir='ltr'>red</span> <span class='ocrx_word' id='word_1_83' title='bbox 1166 1829 1314 1913; x_wconf 77' lang='lat' dir='ltr'>diligenti</span> 
     </span>
     <span class='ocr_line' id='line_1_12' title="bbox 207 1944 1311 2031; baseline 0.002 -19"><span class='ocrx_word' id='word_1_84' title='bbox 207 1947 393 2031; x_wconf 78' lang='lat' dir='ltr'>disciplinae</span> <span class='ocrx_word' id='word_1_85' title='bbox 435 1947 468 2010; x_wconf 88' lang='lat' dir='ltr'>ct</span> <span class='ocrx_word' id='word_1_86' title='bbox 507 1944 603 2010; x_wconf 91' lang='lat' dir='ltr'>officii</span> <span class='ocrx_word' id='word_1_87' title='bbox 639 1945 878 2024; x_wconf 87' lang='lat' dir='ltr'>observatione,</span> <span class='ocrx_word' id='word_1_88' title='bbox 914 1970 995 2030; x_wconf 87' lang='lat' dir='ltr'>quae</span> <span class='ocrx_word' id='word_1_89' title='bbox 1029 1949 1136 2013; x_wconf 88' lang='lat' dir='ltr'>nescio</span> <span class='ocrx_word' id='word_1_90' title='bbox 1171 1971 1213 2012; x_wconf 86' lang='lat' dir='ltr'>en</span> <span class='ocrx_word' id='word_1_91' title='bbox 1246 1972 1311 2014; x_wconf 86' lang='lat' dir='ltr'>non</span> 
     </span>
     <span class='ocr_line' id='line_1_13' title="bbox 207 2065 1314 2152; baseline 0.003 -20"><span class='ocrx_word' id='word_1_92' title='bbox 207 2089 300 2152; x_wconf 84' lang='lat' dir='ltr'>saepe</span> <span class='ocrx_word' id='word_1_93' title='bbox 324 2065 481 2131; x_wconf 87' lang='lat' dir='ltr'>difficilior</span> <span class='ocrx_word' id='word_1_94' title='bbox 504 2065 546 2130; x_wconf 88' lang='lat' dir='ltr'>sit</span> <span class='ocrx_word' id='word_1_95' title='bbox 564 2065 600 2129; x_wconf 93' lang='lat' dir='ltr'>in</span> <span class='ocrx_word' id='word_1_96' title='bbox 618 2065 761 2132; x_wconf 85' lang='lat' dir='ltr'>custodia</span> <span class='ocrx_word' id='word_1_97' title='bbox 782 2067 902 2151; x_wconf 90' lang='lat' dir='ltr'>oppidi.</span> <span class='ocrx_word' id='word_1_98' title='bbox 945 2067 1054 2132; x_wconf 89' lang='lat' dir='ltr'>Minus</span> <span class='ocrx_word' id='word_1_99' title='bbox 1072 2072 1156 2134; x_wconf 88' lang='lat' dir='ltr'>certe</span> <span class='ocrx_word' id='word_1_100' title='bbox 1175 2070 1314 2134; x_wconf 85' lang='lat' dir='ltr'>iucunda</span> 
     </span>
     <span class='ocr_line' id='line_1_14' title="bbox 208 2187 1313 2272; baseline 0.001 -19"><span class='ocrx_word' id='word_1_101' title='bbox 208 2191 272 2264; x_wconf 89' lang='lat' dir='ltr'>est,</span> <span class='ocrx_word' id='word_1_102' title='bbox 304 2187 379 2271; x_wconf 84' lang='lat' dir='ltr'>quia</span> <span class='ocrx_word' id='word_1_103' title='bbox 408 2187 492 2263; x_wconf 90' lang='lat' dir='ltr'>dies,</span> <span class='ocrx_word' id='word_1_104' title='bbox 525 2207 665 2260; x_wconf 85' lang='lat' dir='ltr'>menses,</span> <span class='ocrx_word' id='word_1_105' title='bbox 697 2208 801 2254; x_wconf 79' lang='lat' dir='ltr'>annus</span> <span class='ocrx_word' id='word_1_106' title='bbox 832 2208 924 2270; x_wconf 82' lang='lat' dir='ltr'>saepe</span> <span class='ocrx_word' id='word_1_107' title='bbox 953 2189 1022 2252; x_wconf 89' lang='lat' dir='ltr'>sinc</span> <span class='ocrx_word' id='word_1_108' title='bbox 1044 2189 1197 2254; x_wconf 78' lang='lat' dir='ltr'>verietate</span> <span class='ocrx_word' id='word_1_109' title='bbox 1221 2211 1313 2272; x_wconf 89' lang='lat' dir='ltr'>prae·</span> 
     </span>
     <span class='ocr_line' id='line_1_15' title="bbox 210 2306 1315 2395; baseline 0.003 -23"><span class='ocrx_word' id='word_1_110' title='bbox 210 2311 353 2384; x_wconf 81' lang='lat' dir='ltr'>tereunt,</span> <span class='ocrx_word' id='word_1_111' title='bbox 386 2311 435 2385; x_wconf 83' lang='lat' dir='ltr'>et,</span> <span class='ocrx_word' id='word_1_112' title='bbox 470 2307 496 2371; x_wconf 91' lang='lat' dir='ltr'>si</span> <span class='ocrx_word' id='word_1_113' title='bbox 526 2306 629 2372; x_wconf 87' lang='lat' dir='ltr'>hostis</span> <span class='ocrx_word' id='word_1_114' title='bbox 661 2307 826 2392; x_wconf 83' lang='lat' dir='ltr'>pugnandi</span> <span class='ocrx_word' id='word_1_115' title='bbox 857 2308 982 2392; x_wconf 87' lang='lat' dir='ltr'>copiam</span> <span class='ocrx_word' id='word_1_116' title='bbox 1013 2330 1080 2375; x_wconf 93' lang='lat' dir='ltr'>non</span> <span class='ocrx_word' id='word_1_117' title='bbox 1110 2310 1223 2387; x_wconf 82' lang='lat' dir='ltr'>faciat,</span> <span class='ocrx_word' id='word_1_118' title='bbox 1255 2333 1315 2395; x_wconf 90' lang='lat' dir='ltr'>pu·</span> 
     </span>
     <span class='ocr_line' id='line_1_16' title="bbox 211 2426 1007 2512; baseline -0.001 -20"><span class='ocrx_word' id='word_1_119' title='bbox 211 2431 376 2512; x_wconf 80' lang='lat' dir='ltr'>gnandum</span> <span class='ocrx_word' id='word_1_120' title='bbox 399 2429 448 2490; x_wconf 87' lang='lat' dir='ltr'>est</span> <span class='ocrx_word' id='word_1_121' title='bbox 471 2448 543 2491; x_wconf 90' lang='lat' dir='ltr'>cum</span> <span class='ocrx_word' id='word_1_122' title='bbox 566 2426 698 2491; x_wconf 90' lang='lat' dir='ltr'>inimico</span> <span class='ocrx_word' id='word_1_123' title='bbox 722 2427 868 2511; x_wconf 82' lang='lat' dir='ltr'>capitali,</span> <span class='ocrx_word' id='word_1_124' title='bbox 894 2429 1007 2492; x_wconf 85' lang='lat' dir='ltr'>taedio.</span> 
     </span>
    </p>

    <p class='ocr_par' dir='ltr' id='par_1_6' title="bbox 211 2548 1323 3958">
     <span class='ocr_line' id='line_1_17' title="bbox 255 2548 1315 2633; baseline 0.002 -19"><span class='ocrx_word' id='word_1_125' title='bbox 255 2549 371 2614; x_wconf 84' lang='lat' dir='ltr'>Franci</span> <span class='ocrx_word' id='word_1_126' title='bbox 402 2552 472 2614; x_wconf 89' lang='lat' dir='ltr'>tum</span> <span class='ocrx_word' id='word_1_127' title='bbox 503 2550 543 2614; x_wconf 83' lang='lat' dir='ltr'>ad</span> <span class='ocrx_word' id='word_1_128' title='bbox 572 2548 703 2612; x_wconf 85' lang='lat' dir='ltr'>Leidarn</span> <span class='ocrx_word' id='word_1_129' title='bbox 726 2571 795 2613; x_wconf 93' lang='lat' dir='ltr'>non</span> <span class='ocrx_word' id='word_1_130' title='bbox 817 2552 1039 2633; x_wconf 84' lang='lat' dir='ltr'>pervenerunt.</span> <span class='ocrx_word' id='word_1_131' title='bbox 1087 2551 1197 2616; x_wconf 83' lang='lat' dir='ltr'>Nostis</span> <span class='ocrx_word' id='word_1_132' title='bbox 1220 2574 1315 2616; x_wconf 82' lang='lat' dir='ltr'>even-</span> 
     </span>
     <span class='ocr_line' id='line_1_18' title="bbox 212 2669 1315 2754; baseline -0.002 -18"><span class='ocrx_word' id='word_1_133' title='bbox 212 2675 280 2736; x_wconf 91' lang='lat' dir='ltr'>tum</span> <span class='ocrx_word' id='word_1_134' title='bbox 303 2669 533 2754; x_wconf 74' lang='lat' dir='ltr'>expeditionis,</span> <span class='ocrx_word' id='word_1_135' title='bbox 558 2690 654 2752; x_wconf 85' lang='lat' dir='ltr'>quam</span> <span class='ocrx_word' id='word_1_136' title='bbox 678 2671 768 2734; x_wconf 82' lang='lat' dir='ltr'>treus</span> <span class='ocrx_word' id='word_1_137' title='bbox 793 2689 907 2753; x_wconf 87' lang='lat' dir='ltr'>aquas,</span> <span class='ocrx_word' id='word_1_138' title='bbox 932 2670 1034 2754; x_wconf 80' lang='lat' dir='ltr'>glacie</span> <span class='ocrx_word' id='word_1_139' title='bbox 1057 2671 1204 2747; x_wconf 78' lang='lat' dir='ltr'>duratas,</span> <span class='ocrx_word' id='word_1_140' title='bbox 1228 2671 1315 2736; x_wconf 90' lang='lat' dir='ltr'>ince-</span> 
     </span>
     <span class='ocr_line' id='line_1_19' title="bbox 211 2789 1316 2876; baseline 0 -20"><span class='ocrx_word' id='word_1_141' title='bbox 211 2792 333 2876; x_wconf 79' lang='lat' dir='ltr'>perant</span> <span class='ocrx_word' id='word_1_142' title='bbox 380 2789 530 2855; x_wconf 85' lang='lat' dir='ltr'>Dolorem</span> <span class='ocrx_word' id='word_1_143' title='bbox 556 2789 666 2854; x_wconf 80' lang='lat' dir='ltr'>irritae</span> <span class='ocrx_word' id='word_1_144' title='bbox 690 2789 757 2874; x_wconf 91' lang='lat' dir='ltr'>spei</span> <span class='ocrx_word' id='word_1_145' title='bbox 780 2790 962 2855; x_wconf 88' lang='lat' dir='ltr'>offuderunt</span> <span class='ocrx_word' id='word_1_146' title='bbox 983 2791 1018 2856; x_wconf 91' lang='lat' dir='ltr'>in</span> <span class='ocrx_word' id='word_1_147' title='bbox 1039 2791 1260 2876; x_wconf 83' lang='lat' dir='ltr'>Bodegravam</span> <span class='ocrx_word' id='word_1_148' title='bbox 1284 2795 1316 2856; x_wconf 87' lang='lat' dir='ltr'>et</span> 
     </span>
     <span class='ocr_line' id='line_1_20' title="bbox 213 2908 1318 2996; baseline 0.001 -20"><span class='ocrx_word' id='word_1_149' title='bbox 213 2911 524 2976; x_wconf 83' lang='lat' dir='ltr'>Zwammerdamum.</span> <span class='ocrx_word' id='word_1_150' title='bbox 560 2908 723 2973; x_wconf 78' lang='lat' dir='ltr'>Flammae</span> <span class='ocrx_word' id='word_1_151' title='bbox 747 2932 764 2972; x_wconf 89' lang='lat' dir='ltr'>e</span> <span class='ocrx_word' id='word_1_152' title='bbox 786 2911 880 2974; x_wconf 83' lang='lat' dir='ltr'>tectis</span> <span class='ocrx_word' id='word_1_153' title='bbox 903 2910 1087 2976; x_wconf 74' lang='lat' dir='ltr'>ardentibus</span> <span class='ocrx_word' id='word_1_154' title='bbox 1110 2916 1275 2996; x_wconf 86' lang='lat' dir='ltr'>surgentes</span> <span class='ocrx_word' id='word_1_155' title='bbox 1298 2935 1318 2976; x_wconf 85' lang='lat' dir='ltr'>a</span> 
     </span>
     <span class='ocr_line' id='line_1_21' title="bbox 212 3030 1317 3116; baseline 0.002 -20"><span class='ocrx_word' id='word_1_156' title='bbox 212 3032 311 3096; x_wconf 88' lang='lat' dir='ltr'>muris</span> <span class='ocrx_word' id='word_1_157' title='bbox 348 3031 466 3096; x_wconf 87' lang='lat' dir='ltr'>nostris</span> <span class='ocrx_word' id='word_1_158' title='bbox 501 3030 788 3115; x_wconf 68' lang='lat' dir='ltr'>conspiciebantur.</span> <span class='ocrx_word' id='word_1_159' title='bbox 847 3031 934 3106; x_wconf 76' lang='lat' dir='ltr'>Quae</span> <span class='ocrx_word' id='word_1_160' title='bbox 967 3055 1017 3097; x_wconf 89' lang='lat' dir='ltr'>res</span> <span class='ocrx_word' id='word_1_161' title='bbox 1050 3033 1251 3116; x_wconf 80' lang='lat' dir='ltr'>diligentiam</span> <span class='ocrx_word' id='word_1_162' title='bbox 1285 3037 1317 3098; x_wconf 86' lang='lat' dir='ltr'>et</span> 
     </span>
     <span class='ocr_line' id='line_1_22' title="bbox 214 3151 1318 3237; baseline 0 -19"><span class='ocrx_word' id='word_1_163' title='bbox 214 3152 427 3218; x_wconf 85' lang='lat' dir='ltr'>constantiam</span> <span class='ocrx_word' id='word_1_164' title='bbox 458 3151 690 3236; x_wconf 79' lang='lat' dir='ltr'>oppidanorum</span> <span class='ocrx_word' id='word_1_165' title='bbox 722 3151 829 3229; x_wconf 80' lang='lat' dir='ltr'>auxit,</span> <span class='ocrx_word' id='word_1_166' title='bbox 862 3154 940 3216; x_wconf 89' lang='lat' dir='ltr'>adeo</span> <span class='ocrx_word' id='word_1_167' title='bbox 971 3155 1008 3215; x_wconf 86' lang='lat' dir='ltr'>ut</span> <span class='ocrx_word' id='word_1_168' title='bbox 1032 3152 1129 3218; x_wconf 86' lang='lat' dir='ltr'>Leida</span> <span class='ocrx_word' id='word_1_169' title='bbox 1152 3175 1318 3237; x_wconf 86' lang='lat' dir='ltr'>nunquam</span> 
     </span>
     <span class='ocr_line' id='line_1_23' title="bbox 214 3271 1320 3359; baseline 0 -21"><span class='ocrx_word' id='word_1_170' title='bbox 214 3295 315 3358; x_wconf 87' lang='lat' dir='ltr'>neque</span> <span class='ocrx_word' id='word_1_171' title='bbox 346 3276 442 3338; x_wconf 80' lang='lat' dir='ltr'>antee</span> <span class='ocrx_word' id='word_1_172' title='bbox 473 3294 575 3356; x_wconf 88' lang='lat' dir='ltr'>neque</span> <span class='ocrx_word' id='word_1_173' title='bbox 607 3274 682 3357; x_wconf 87' lang='lat' dir='ltr'>post</span> <span class='ocrx_word' id='word_1_174' title='bbox 713 3293 811 3356; x_wconf 82' lang='lat' dir='ltr'>eoque</span> <span class='ocrx_word' id='word_1_175' title='bbox 841 3271 939 3338; x_wconf 86' lang='lat' dir='ltr'>fuerit</span> <span class='ocrx_word' id='word_1_176' title='bbox 969 3272 1112 3349; x_wconf 85' lang='lat' dir='ltr'>munita,</span> <span class='ocrx_word' id='word_1_177' title='bbox 1147 3295 1320 3359; x_wconf 88' lang='lat' dir='ltr'>omnesque</span> 
     </span>
     <span class='ocr_line' id='line_1_24' title="bbox 215 3391 1320 3479; baseline 0.001 -19"><span class='ocrx_word' id='word_1_178' title='bbox 215 3394 318 3479; x_wconf 84' lang='lat' dir='ltr'>parati</span> <span class='ocrx_word' id='word_1_179' title='bbox 342 3395 448 3459; x_wconf 82' lang='lat' dir='ltr'>essent</span> <span class='ocrx_word' id='word_1_180' title='bbox 470 3391 611 3458; x_wconf 80' lang='lat' dir='ltr'>Francos</span> <span class='ocrx_word' id='word_1_181' title='bbox 634 3391 792 3476; x_wconf 86' lang='lat' dir='ltr'>accipere,</span> <span class='ocrx_word' id='word_1_182' title='bbox 816 3391 909 3458; x_wconf 91' lang='lat' dir='ltr'>sicuti</span> <span class='ocrx_word' id='word_1_183' title='bbox 932 3392 1065 3457; x_wconf 85' lang='lat' dir='ltr'>maiores</span> <span class='ocrx_word' id='word_1_184' title='bbox 1089 3393 1137 3458; x_wconf 91' lang='lat' dir='ltr'>sui</span> <span class='ocrx_word' id='word_1_185' title='bbox 1157 3396 1232 3458; x_wconf 81' lang='lat' dir='ltr'>ente</span> <span class='ocrx_word' id='word_1_186' title='bbox 1251 3417 1320 3461; x_wconf 84' lang='lat' dir='ltr'>sce-</span> 
     </span>
     <span class='ocr_line' id='line_1_25' title="bbox 216 3513 1321 3598; baseline -0.002 -18"><span class='ocrx_word' id='word_1_187' title='bbox 216 3516 320 3580; x_wconf 89' lang='lat' dir='ltr'>oulum</span> <span class='ocrx_word' id='word_1_188' title='bbox 350 3516 541 3597; x_wconf 86' lang='lat' dir='ltr'>acceperant</span> <span class='ocrx_word' id='word_1_189' title='bbox 563 3513 734 3598; x_wconf 77' lang='lat' dir='ltr'>Hispanos.</span> <span class='ocrx_word' id='word_1_190' title='bbox 782 3513 884 3588; x_wconf 74' lang='lat' dir='ltr'>ouum</span> <span class='ocrx_word' id='word_1_191' title='bbox 907 3516 1000 3598; x_wconf 82' lang='lat' dir='ltr'>grata</span> <span class='ocrx_word' id='word_1_192' title='bbox 1022 3517 1104 3578; x_wconf 87' lang='lat' dir='ltr'>essct</span> <span class='ocrx_word' id='word_1_193' title='bbox 1125 3515 1321 3598; x_wconf 84' lang='lat' dir='ltr'>magistrati-</span> 
     </span>
     <span class='ocr_line' id='line_1_26' title="bbox 218 3631 1321 3710; baseline -0.004 -10"><span class='ocrx_word' id='word_1_194' title='bbox 218 3637 276 3700; x_wconf 87' lang='lat' dir='ltr'>bus</span> <span class='ocrx_word' id='word_1_195' title='bbox 299 3635 450 3700; x_wconf 82' lang='lat' dir='ltr'>roluntas</span> <span class='ocrx_word' id='word_1_196' title='bbox 473 3633 722 3698; x_wconf 76' lang='lat' dir='ltr'>adolescentium</span> <span class='ocrx_word' id='word_1_197' title='bbox 744 3631 1025 3708; x_wconf 83' lang='lat' dir='ltr'>Academicorum,</span> <span class='ocrx_word' id='word_1_198' title='bbox 1044 3654 1080 3698; x_wconf 90' lang='lat' dir='ltr'>eo</span> <span class='ocrx_word' id='word_1_199' title='bbox 1098 3635 1321 3710; x_wconf 82' lang='lat' dir='ltr'>ostenderunt,</span> 
     </span>
     <span class='ocr_line' id='line_1_27' title="bbox 219 3751 1323 3842; baseline -0.004 -20"><span class='ocrx_word' id='word_1_200' title='bbox 219 3760 303 3842; x_wconf 90' lang='lat' dir='ltr'>quod</span> <span class='ocrx_word' id='word_1_201' title='bbox 333 3756 470 3822; x_wconf 88' lang='lat' dir='ltr'>Ioannes</span> <span class='ocrx_word' id='word_1_202' title='bbox 501 3753 782 3837; x_wconf 80' lang='lat' dir='ltr'>Groenendykius,</span> <span class='ocrx_word' id='word_1_203' title='bbox 807 3754 926 3830; x_wconf 84' lang='lat' dir='ltr'>scribe,</span> <span class='ocrx_word' id='word_1_204' title='bbox 958 3751 1076 3817; x_wconf 88' lang='lat' dir='ltr'>Latino</span> <span class='ocrx_word' id='word_1_205' title='bbox 1099 3751 1239 3818; x_wconf 79' lang='lat' dir='ltr'>carmine</span> <span class='ocrx_word' id='word_1_206' title='bbox 1262 3774 1323 3836; x_wconf 88' lang='lat' dir='ltr'>pu-</span> 
     </span>
     <span class='ocr_line' id='line_1_28' title="bbox 221 3873 979 3958; baseline -0.008 -16"><span class='ocrx_word' id='word_1_207' title='bbox 221 3878 301 3942; x_wconf 91' lang='lat' dir='ltr'>blice</span> <span class='ocrx_word' id='word_1_208' title='bbox 322 3877 487 3952; x_wconf 83' lang='lat' dir='ltr'>laudatos,</span> <span class='ocrx_word' id='word_1_209' title='bbox 513 3877 665 3958; x_wconf 84' lang='lat' dir='ltr'>argenteo</span> <span class='ocrx_word' id='word_1_210' title='bbox 688 3896 820 3940; x_wconf 90' lang='lat' dir='ltr'>nummo</span> <span class='ocrx_word' id='word_1_211' title='bbox 843 3873 979 3938; x_wconf 84' lang='lat' dir='ltr'>ornavit.</span> 
     </span>
    </p>

    <p class='ocr_par' dir='ltr' id='par_1_7' title="bbox 224 3992 1334 4562">
     <span class='ocr_line' id='line_1_29' title="bbox 266 3992 1325 4082; baseline -0.006 -19"><span class='ocrx_word' id='word_1_212' title='bbox 266 3998 350 4064; x_wconf 88' lang='lat' dir='ltr'>Mira</span> <span class='ocrx_word' id='word_1_213' title='bbox 367 3999 522 4082; x_wconf 81' lang='lat' dir='ltr'>quaedam</span> <span class='ocrx_word' id='word_1_214' title='bbox 539 3995 578 4060; x_wconf 91' lang='lat' dir='ltr'>iis</span> <span class='ocrx_word' id='word_1_215' title='bbox 596 3995 793 4079; x_wconf 83' lang='lat' dir='ltr'>temporibus</span> <span class='ocrx_word' id='word_1_216' title='bbox 810 3995 895 4079; x_wconf 86' lang='lat' dir='ltr'>apud</span> <span class='ocrx_word' id='word_1_217' title='bbox 911 4015 971 4060; x_wconf 91' lang='lat' dir='ltr'>noe</span> <span class='ocrx_word' id='word_1_218' title='bbox 988 3996 1057 4059; x_wconf 84' lang='lat' dir='ltr'>oret</span> <span class='ocrx_word' id='word_1_219' title='bbox 1072 3993 1197 4077; x_wconf 89' lang='lat' dir='ltr'>imperii</span> <span class='ocrx_word' id='word_1_220' title='bbox 1212 3992 1325 4060; x_wconf 84' lang='lat' dir='ltr'>fenne.</span> 
     </span>
     <span class='ocr_line' id='line_1_30' title="bbox 224 4112 1326 4200; baseline -0.005 -15"><span class='ocrx_word' id='word_1_221' title='bbox 224 4119 415 4185; x_wconf 85' lang='lat' dir='ltr'>Dicebemur</span> <span class='ocrx_word' id='word_1_222' title='bbox 436 4116 629 4200; x_wconf 76' lang='lat' dir='ltr'>Respublica</span> <span class='ocrx_word' id='word_1_223' title='bbox 652 4115 836 4181; x_wconf 85' lang='lat' dir='ltr'>Foederata.</span> <span class='ocrx_word' id='word_1_224' title='bbox 883 4114 1008 4180; x_wconf 83' lang='lat' dir='ltr'>Revera</span> <span class='ocrx_word' id='word_1_225' title='bbox 1029 4112 1226 4197; x_wconf 82' lang='lat' dir='ltr'>respublicae</span> <span class='ocrx_word' id='word_1_226' title='bbox 1257 4135 1326 4180; x_wconf 75' lang='lat' dir='ltr'>erc-</span> 
     </span>
     <span class='ocr_line' id='line_1_31' title="bbox 226 4232 1328 4322; baseline -0.007 -18"><span class='ocrx_word' id='word_1_227' title='bbox 226 4262 295 4304; x_wconf 91' lang='lat' dir='ltr'>mus</span> <span class='ocrx_word' id='word_1_228' title='bbox 329 4240 469 4322; x_wconf 88' lang='lat' dir='ltr'>septem,</span> <span class='ocrx_word' id='word_1_229' title='bbox 504 4239 631 4320; x_wconf 88' lang='lat' dir='ltr'>praeter</span> <span class='ocrx_word' id='word_1_230' title='bbox 665 4235 854 4300; x_wconf 87' lang='lat' dir='ltr'>Drentinam</span> <span class='ocrx_word' id='word_1_231' title='bbox 890 4255 956 4298; x_wconf 91' lang='lat' dir='ltr'>non</span> <span class='ocrx_word' id='word_1_232' title='bbox 986 4233 1057 4318; x_wconf 87' lang='lat' dir='ltr'>peri</span> <span class='ocrx_word' id='word_1_233' title='bbox 1085 4233 1162 4298; x_wconf 87' lang='lat' dir='ltr'>iure.</span> <span class='ocrx_word' id='word_1_234' title='bbox 1209 4233 1250 4296; x_wconf 90' lang='lat' dir='ltr'>In</span> <span class='ocrx_word' id='word_1_235' title='bbox 1279 4232 1328 4296; x_wconf 89' lang='lat' dir='ltr'>his</span> 
     </span>
     <span class='ocr_line' id='line_1_32' title="bbox 227 4351 1332 4444; baseline -0.004 -20"><span class='ocrx_word' id='word_1_236' title='bbox 227 4363 346 4444; x_wconf 85' lang='lat' dir='ltr'>septem</span> <span class='ocrx_word' id='word_1_237' title='bbox 371 4359 421 4420; x_wconf 86' lang='lat' dir='ltr'>tot</span> <span class='ocrx_word' id='word_1_238' title='bbox 444 4357 561 4421; x_wconf 84' lang='lat' dir='ltr'>iterum</span> <span class='ocrx_word' id='word_1_239' title='bbox 584 4356 798 4441; x_wconf 81' lang='lat' dir='ltr'>respublicae,</span> <span class='ocrx_word' id='word_1_240' title='bbox 823 4356 903 4438; x_wconf 87' lang='lat' dir='ltr'>quot</span> <span class='ocrx_word' id='word_1_241' title='bbox 924 4353 990 4420; x_wconf 82' lang='lat' dir='ltr'>fere</span> <span class='ocrx_word' id='word_1_242' title='bbox 1010 4353 1136 4438; x_wconf 79' lang='lat' dir='ltr'>oppida.</span> <span class='ocrx_word' id='word_1_243' title='bbox 1183 4351 1332 4420; x_wconf 81' lang='lat' dir='ltr'>Studium</span> 
     </span>
     <span class='ocr_line' id='line_1_33' title="bbox 229 4472 1334 4562; baseline -0.007 -18"><span class='ocrx_word' id='word_1_244' title='bbox 229 4479 388 4546; x_wconf 81' lang='lat' dir='ltr'>libertatis·</span> <span class='ocrx_word' id='word_1_245' title='bbox 408 4480 441 4542; x_wconf 84' lang='lat' dir='ltr'>et</span> <span class='ocrx_word' id='word_1_246' title='bbox 465 4476 704 4562; x_wconf 81' lang='lat' dir='ltr'>privilegiorum</span> <span class='ocrx_word' id='word_1_247' title='bbox 727 4475 845 4560; x_wconf 89' lang='lat' dir='ltr'>ubique</span> <span class='ocrx_word' id='word_1_248' title='bbox 863 4475 1054 4552; x_wconf 83' lang='lat' dir='ltr'>maximum,</span> <span class='ocrx_word' id='word_1_249' title='bbox 1075 4475 1175 4557; x_wconf 89' lang='lat' dir='ltr'>deque</span> <span class='ocrx_word' id='word_1_250' title='bbox 1193 4472 1233 4538; x_wconf 78' lang='lat' dir='ltr'>iis</span> <span class='ocrx_word' id='word_1_251' title='bbox 1252 4473 1334 4542; x_wconf 86' lang='lat' dir='ltr'>nihil</span> 
     </span>
    </p>
   </div>
   <div class='ocr_carea' id='block_1_6' title="bbox 0 0 1718 5300">
    <p class='ocr_par' dir='ltr' id='par_1_8' title="bbox 0 0 1718 5300">
     <span class='ocr_line' id='line_1_34' title="bbox 0 0 1718 5300; baseline 0 0"><span class='ocrx_word' id='word_1_252' title='bbox 0 0 1718 5300; x_wconf 95' lang='lat' dir='ltr'> </span> 
     </span>
    </p>
   </div>
  </div>
 </body>
</html>
