3362 5296
515 603 546 648 nr
567 601 786 648 unpoaacnran
807 600 946 646 unsrun
1224 573 1284 642 157

266 785 348 863 Quid
378 785 438 851 libi
470 786 639 871 Napoleon
670 808 744 850 cum
773 786 883 849 nostro
913 805 1004 848 saeve
1028 781 1193 848 Gerardo?

310 905 452 971 Victima
475 907 551 990 quid
574 927 686 974 causae
709 906 835 991 cogitur
858 926 925 969 esse
948 903 1074 969 malae?

264 1027 356 1094 Pacis
388 1049 499 1092 amans
528 1049 608 1112 puer
632 1030 697 1106 cst,
723 1028 756 1090 et
777 1047 906 1110 prorsus
928 1024 1053 1089 inutilis
1078 1024 1191 1101 armis,

312 1144 396 1222 Quid
420 1146 498 1220 facis
520 1147 624 1212 invito
647 1146 773 1210 milite?
800 1146 891 1210 mitte
914 1145 1055 1208 domum.

265 1265 343 1334 Non
373 1267 473 1332 vitam
505 1268 634 1332 alterius
666 1267 726 1331 tibi
756 1266 892 1331 vendere
915 1286 1081 1350 possumus
1104 1252 1191 1330 aure.

311 1386 396 1456 Nenn
419 1391 510 1472 pater
534 1391 582 1453 est
605 1389 699 1472 culpa
722 1408 842 1473 pauper
866 1406 1024 1471 egensque
1047 1388 1112 1452 tua.

702 1632 764 1698 ΠΙ.

266 1814 383 1880 Scribis
414 1818 468 1893 ut,
499 1815 535 1879 in
562 1814 655 1880 Galla
678 1814 754 1879 dum
778 1817 814 1879 tu
838 1814 969 1899 regione
992 1813 1143 1893 moraris,

311 1932 463 2002 Curemus
491 1935 602 2014 fiores,
625 1957 697 2001 care
721 1936 877 2014 (lareriis,
902 1939 984 2000 tuos.

263 2052 333 2120 Hoc
358 2056 483 2122 faciunt
503 2057 682 2142 fratresque
704 2058 771 2134 tui,
801 2078 979 2142 parvaeque
1002 2076 1143 2131 sorores3

223 2163 226 2166 ⁵
308 2175 416 2261 Atque
442 2177 528 2242 horti
551 2177 664 2256 facies,
688 2200 769 2262 qnae
791 2177 854 2242 fuit
877 2180 970 2255 ante,
995 2179 1114 2240 manet.

264 2293 479 2382 Gramineque
501 2301 534 2362 et
556 2299 677 2363 steriles
699 2297 862 2364 Antonius
887 2298 970 2362 eruit
993 2297 1122 2374 herbas,

308 2415 353 2481 Et
381 2417 454 2501 puri
477 2418 571 2483 calles
595 2420 743 2503 cultaque
765 2422 856 2504 septa
878 2418 994 2492 nitent.

263 2535 303 2600 In
325 2539 450 2622 partem
474 2539 564 2603 venit
584 2539 671 2603 illius
696 2537 864 2604 Charlotta
885 2539 1020 2616 laboris,

307 2656 351 2723 Et
373 2657 466 2723 fiores
488 2660 588 2744 riguis
611 2681 740 2744 vespere
763 2661 886 2745 spargit
909 2660 1008 2743 aquis.

261 2775 381 2841 Rident
413 2779 505 2843 dulce
535 2780 674 2864 tulipae‚
708 2783 741 2844 et
764 2781 851 2845 mille
874 2780 1031 2845 coloribus
1055 2780 1185 2857 ardent,

306 2895 429 2962 Oebalii
452 2898 562 2978 flores,
587 2903 621 2964 et
643 2923 716 2965 rosa
740 2923 836 2966 suave
859 2902 985 2966 rubent.
1090 2977 1092 2982 Ι

262 3013 375 3082 Ocules
397 3018 524 3102 iamque
547 3041 620 3085 suos
644 3021 751 3086 varius
774 3021 968 3087 ranunculus
990 3023 1103 3098 ornat,

305 3138 477 3206 Auriculae
503 3139 625 3205 tollunt
647 3142 744 3206 molle
767 3163 918 3208 cacumen
941 3141 1049 3206 humo.

262 3256 337 3322 Una
361 3260 416 3322 sed
438 3259 519 3324 heu!
543 3259 676 3346 languet
698 3261 783 3326 foliis
805 3261 979 3327 Hortensia
1001 3261 1147 3339 moestis,

305 3378 443 3444 Pulcher
466 3380 601 3446 demisso
623 3384 688 3446 stat
707 3403 833 3467 quoque
855 3382 914 3448 flos
938 3384 1052 3468 capite.

262 3498 401 3564 Deliciae
424 3498 482 3564 flos
505 3500 561 3564 ille
583 3503 670 3581 tuae,
706 3505 762 3567 tua
786 3507 818 3568 et
840 3504 895 3568 ille
918 3505 1076 3590 volupiae.

306 3617 375 3684 Ah!
411 3641 452 3683 nc
476 3620 543 3685 sint
565 3622 677 3687 mortis
701 3624 830 3709 praevia
852 3625 945 3708 signa
968 3628 1050 3690 tuac.

263 3736 290 3803 0
315 3740 439 3824 quoties
463 3741 564 3806 nectit
586 3742 677 3827 virgo
702 3743 879 3828 fragrantia
902 3747 1001 3824 serta,

309 3860 502 3944 Impositura
525 3862 590 3927 tuis
612 3863 733 3928 scilicet
755 3865 811 3928 illa
834 3839 950 3930 comis!

259 3978 453 4066 Impositura
475 3983 573 4048 cornis
597 3987 692 4069 atque
717 3985 825 4050 oscula
847 3986 950 4051 multa
973 3989 1103 4054 datura:

308 4100 401 4166 Serta
424 4103 479 4167 sed
502 4103 617 4188 exiguo
640 4107 782 4188 tempore
805 4106 887 4171 sicca
910 4108 1025 4173 iacent.

203 4462 294 4512 Scribis
309 4467 351 4522 ut,
369 4460 429 4530 cet.)
464 4464 597 4530 Adscripsit
615 4466 740 4530 Royenus:
758 4465 842 4530 Elepia
857 4483 928 4530 quum
945 4467 1121 4519 iucundissima.

203 4545 313 4596 Bucar
329 4544 440 4612 maso)
475 4546 597 4607 Malcbat,
616 4550 644 4598 ut
663 4547 772 4607 videtur,
791 4549 820 4600 It.
837 4549 922 4598 Pulcn'
938 4549 1050 4616 depresso.
