3362 5296
349 535 409 604 210
687 555 807 607 clauus
827 563 978 608 uirruua
998 563 1124 608 vmasio.

395 743 465 809 Ah!
490 743 608 810 fuimus
631 743 745 810 Troes:
770 745 866 809 semel
890 745 1115 824 insanivimus,
1141 749 1209 812 arte

622 863 716 950 Capti
739 864 893 931 Sinonum
918 867 1048 953 perfida.

390 983 552 1052 Infaustus
575 989 719 1052 monstro
743 985 834 1050 fatali
857 987 1027 1070 pandimus
1049 988 1153 1053 urbes.

618 1105 705 1171 Hine
728 1127 823 1172 omne
844 1108 1058 1191 pestilentiae,

391 1227 477 1295 Hinc
500 1230 654 1295 scelerum
677 1249 783 1314 seges:
808 1228 937 1314 effugit,
963 1229 989 1293 si
1013 1251 1160 1314 quaerere
1184 1231 1299 1310 velles,

616 1348 791 1416 Hollandia
814 1371 853 1414 ex
875 1348 1059 1413 Hellandia.

390 1471 433 1537 Di
456 1470 556 1538 bene!
603 1470 681 1558 Spes
705 1470 838 1535 mansit:
861 1491 919 1535 nec
943 1469 1066 1555 Iupiter
1089 1471 1197 1536 omnia
1218 1472 1314 1540 falsos

615 1591 722 1656 Iratus
744 1591 850 1675 Argos
872 1591 1048 1655 transtulit.

389 1713 430 1781 In
454 1713 601 1778 manibus
625 1735 695 1798 spes
717 1713 774 1776 illa
796 1713 876 1790 tuis,
901 1734 1054 1797 generosa
1077 1713 1242 1779 iuventus!

613 1832 735 1918 Pignus
759 1833 895 1898 tuemini
917 1855 1051 1898 sacrum.

386 1954 497 2022 Ardua
521 1954 658 2022 labentis
682 1953 841 2019 defendite
863 1954 1020 2040 Pergama
1042 1955 1164 2021 morae.

612 2075 719 2139 Labor
741 2096 905 2159 supremus
928 2097 984 2140 vos
1006 2078 1108 2141 vocat.

386 2195 453 2262 Vos
474 2197 531 2261 illa
555 2198 705 2282 antiquae
729 2197 817 2261 sedes
839 2197 986 2281 pietatis,
1012 2219 1118 2262 amara

612 2317 698 2394 Quae
721 2340 808 2384 nune
831 2318 911 2384 cinis
934 2319 1062 2403 pietatis
1086 2323 1151 2398 est,

386 2437 453 2504 Vos
476 2438 630 2504 maiorum
652 2439 799 2516 umbrae,
823 2441 944 2504 moesto
968 2461 1024 2504 vos
1047 2441 1152 2524 patria
1175 2442 1285 2520 vultu,

615 2559 699 2637 Vos,
723 2560 856 2625 alterum
880 2581 998 2646 genus,
1024 2563 1167 2646 adspicit.

384 2682 452 2760 Ite,
477 2682 580 2766 agite,
604 2686 636 2747 et
660 2683 745 2746 totas
769 2681 904 2767 pulchro
928 2682 963 2746 in
988 2685 1159 2750 certamine
1184 2684 1267 2751 vires

610 2801 771 2880 Emerita,
798 2802 917 2868 vincite
940 2801 1002 2867 hoc
1026 2803 1135 2867 decus!

383 2922 483 2990 Maeti
505 2924 637 3002 animis,
667 2925 738 3008 quis
761 2924 869 3008 pulsat
894 2945 982 2987 amor
1004 2925 1200 3009 trepidantia
1224 2930 1318 2993 corda

612 3045 750 3110 Tantam
773 3067 887 3129 parare
909 3045 1060 3130 gloriam!

384 3167 508 3236 Vriesia
530 3168 565 3232 in
587 3167 648 3233 hac
672 3168 738 3232 acie
762 3167 882 3232 dudum
905 3167 994 3233 stetit
1017 3168 1116 3232 ardua
1139 3168 1257 3246 virtus,

610 3289 778 3373 stabitque
803 3309 927 3373 semper
949 3287 1083 3354 Vriesia.

383 3410 560 3475 Fortunate
582 3412 691 3494 pater,
715 3409 774 3473 tali
797 3408 982 3493 dignissime
1005 3411 1100 3475 nato!

612 3529 711 3607 Quale
734 3528 795 3595 hoe
818 3530 903 3614 patri
925 3531 1155 3614 spectaculum!

386 3652 486 3733 Quale
508 3653 589 3717 tibi!
615 3651 773 3736 lacrymae
797 3650 920 3728 dicent,
945 3671 1011 3714 non
1035 3651 1140 3715 rerba.
1187 3650 1338 3732 Beatum,

611 3769 671 3838 cui
692 3772 850 3855 lacrymae
874 3771 918 3836 sic
941 3770 1089 3836 effluant!

477 4772 934 5004 s„-
