3362 5300
402 537 441 598 76
900 546 1008 592 esame

402 735 567 800 vissimum
597 733 794 817 impleverit,
824 731 886 816 ipsi
917 731 1053 816 Belgae,
1085 731 1137 794 vel
1166 730 1279 807 inriti,
1308 733 1385 795 sunt
1408 732 1505 795 docu-

403 858 523 920 mento.
570 853 748 930 Quotannis
778 856 863 939 apud
894 875 947 918 eos
979 853 1192 937 agricultura,
1217 851 1360 935 opificia,
1386 859 1505 916 merea-

403 980 490 1054 tura,
510 979 595 1040 artes
618 978 651 1040 et
674 975 855 1054 doetrinae,
880 974 1080 1050 humanitas,
1106 973 1306 1049 crescebant,
1331 975 1364 1036 et
1385 993 1504 1047 omnes,

403 1098 458 1182 qui
488 1097 652 1181 regionem
682 1098 757 1181 post
784 1095 908 1180 aliquot
931 1115 1032 1159 annos
1055 1094 1225 1170 videbant,
1250 1114 1317 1157 non
1340 1115 1407 1156 esse
1430 1114 1505 1157 ean-

404 1221 475 1283 dem
496 1240 562 1282 una
584 1239 661 1282 voco
683 1217 896 1282 testabantur.
931 1215 1073 1280 Tantum
1095 1215 1266 1279 valuerunt
1282 1215 1387 1298 leges,
1410 1213 1506 1277 liber·

402 1343 470 1416 tas,
504 1342 538 1403 et
572 1338 688 1422 optimi
722 1337 806 1421 regis
840 1336 1071 1402 benevelentia.
1118 1334 1231 1419 Neque
1264 1335 1386 1420 ingrati
1416 1337 1508 1398 erent

405 1459 541 1524 cuiusvis
571 1459 633 1524 loci
656 1461 689 1522 et
712 1458 834 1522 ordinis
856 1456 1019 1534 homines,
1043 1457 1098 1541 qui
1121 1456 1296 1521 calumnias
1319 1477 1394 1519 vero
1418 1457 1507 1539 post

402 1580 584 1656 habebant,
614 1579 713 1662 probe
743 1578 979 1662 intelligentes,
1007 1599 1110 1661 neque
1133 1577 1229 1642 etiam
1252 1575 1507 1652 dissimulantes,

403 1699 540 1764 salutem
562 1699 667 1784 Belgii
691 1699 797 1784 gentis
819 1698 994 1764 Nassariae
1015 1699 1119 1764 salute
1137 1697 1304 1764 contineri.
1328 1696 1390 1762 Sed
1410 1696 1508 1760 factio

403 1819 622 1904 improborum
653 1820 772 1897 maior,
803 1820 967 1904 pauciores
998 1820 1118 1896 bonos,
1140 1817 1397 1895 Arausionistas,
1421 1818 1453 1881 vi
1476 1820 1509 1881 et

403 1943 523 2006 terrore
552 1941 719 2026 oppressit.
766 1939 940 2005 Florebant
968 1941 1004 2004 in
1034 1940 1163 2025 primis,
1188 1941 1243 2024 qui
1267 1938 1404 2006 cuiusvis
1426 1939 1509 2002 bene

403 2064 571 2128 institutae
594 2062 734 2127 civitatis
756 2063 847 2127 nervi
870 2065 903 2126 et
923 2063 1022 2127 robur
1044 2065 1138 2138 sunt,
1163 2063 1196 2126 et
1219 2060 1304 2125 felici
1322 2064 1407 2124 sorte
1427 2081 1508 2144 gau-

405 2186 533 2261 dentes,
558 2187 719 2248 auctorem
744 2184 821 2248 satis
846 2183 976 2249 laudare
1000 2203 1068 2248 non
1090 2185 1249 2266 poterant.

450 2301 497 2367 At
527 2304 633 2368 clerici
664 2308 696 2368 et
726 2305 849 2369 nobiles
880 2304 975 2368 simul
1004 2303 1157 2368 videbant
1186 2303 1341 2388 populum
1363 2302 1428 2365 iem
1452 2325 1509 2367 sua

405 2425 538 2508 imperia
565 2425 786 2509 interpretari,
811 2425 984 2489 coalescere
1007 2424 1171 2508 utrimque
1194 2423 1334 2487 nationis
1357 2444 1508 2507 corpora,

405 2545 522 2629 Belgas
550 2544 621 2608 fieri
651 2544 872 2622 humaniores,
906 2567 1002 2629 quam
1034 2548 1071 2608 ut
1102 2565 1170 2608 mos
1193 2544 1349 2608 maiorum
1372 2548 1405 2609 et
1427 2546 1508 2610 ritus

405 2666 530 2750 antiqui
552 2666 608 2730 diu
631 2665 749 2730 servari
772 2668 920 2750 possent,
945 2665 1142 2750 aliorumque
1161 2664 1343 2730 libertatem
1361 2665 1422 2729 sibi
1440 2667 1509 2732 fore

405 2787 551 2852 servituti
580 2786 866 2871 conquerebantur.
913 2786 963 2850 Ex
992 2785 1054 2850 hoc
1080 2785 1171 2850 fonte
1195 2786 1338 2851 derivata
1360 2787 1437 2852 mali
1459 2788 1508 2852 la·

405 2909 477 2984 bes,
508 2907 624 2972 sensim
651 2929 708 2992 per
736 2929 830 2971 omne
853 2907 1001 2992 Belgium
1023 2907 1181 2992 dispersa,
1206 2907 1307 2972 auctis
1331 2910 1434 2972 eundo
1459 2910 1508 2973 vi-

404 3029 508 3106 ribus,
543 3031 674 3094 tandem
708 3029 744 3092 in
774 3029 877 3092 diram
906 3027 996 3092 illam
1027 3028 1191 3092 seditionis
1222 3031 1345 3112 pestem
1375 3029 1509 3094 ethaeo

404 3151 488 3214 mala
522 3151 644 3236 erupit,
679 3172 816 3236 quorum
850 3172 917 3214 non
951 3152 1072 3214 eertum
1103 3148 1283 3213 invenietur
1312 3150 1507 3228 remedium,

405 3271 467 3334 nisi
497 3271 619 3336 vicinae
649 3272 794 3336 nationes
825 3271 912 3356 aegri
935 3269 1076 3355 corporis
1098 3271 1205 3354 partes
1228 3271 1384 3335 curandas
1407 3272 1507 3336 susci-

405 3389 514 3472 piant,
549 3393 673 3474 partem
705 3390 833 3474 Belgis,
865 3391 921 3475 qui
951 3414 1029 3455 sana
1060 3395 1168 3457 mente
1199 3393 1283 3469 sint,
1313 3393 1507 3477 relinquant.

405 3508 625 3586 Meminimus,
649 3512 682 3572 et
705 3510 776 3593 quis
799 3532 940 3594 unquam
963 3510 1185 3588 obliviscetur,
1206 3515 1364 3597 quomodo
1384 3512 1509 3578 facinus

404 3628 457 3694 hio
487 3632 653 3714 acceptum
684 3628 790 3694 fuerit.
836 3628 947 3694 Animi
975 3633 1077 3694 nostri
1106 3633 1200 3697 variis
1224 3634 1389 3698 affectibus
1413 3634 1509 3698 simul

405 3752 661 3836 occupabantur,
684 3751 838 3836 quidquid
862 3754 969 3816 autem
992 3752 1210 3835 loqueremur,
1234 3755 1387 3839 quidquid
1407 3756 1509 3819 senti·

405 3893 527 3948 remus,
563 3871 733 3956 superabat
767 3894 891 3956 semper
922 3872 1114 3957 indignatio.
1161 3874 1318 3950 Quamdiu
1352 3875 1400 3940 sol
1436 3898 1510 3941 oras

379 3998 386 4008 ’
406 3990 576 4074 Belgarum
599 3990 789 4068 illustravit,
814 3991 895 4056 nihil
919 4015 1061 4076 unquam
1084 3994 1143 4058 tali
1165 3995 1337 4061 rebellione
1356 3995 1437 4060 vidit
1456 3997 1509 4061 in-

405 4111 543 4195 dignius.
590 4111 728 4176 Tantam
750 4113 915 4178 infamiam
939 4135 1007 4177 non
1028 4114 1166 4192 Scaldis,
1191 4138 1259 4181 non
1277 4117 1344 4201 ipse
1365 4116 1511 4182 Oceanus

405 4230 554 4297 fluetibus
577 4232 681 4309 eluet,
705 4232 794 4298 nulla
816 4257 959 4319 unquam
982 4236 1107 4300 saecula
1130 4237 1316 4321 expiabunt.
1364 4237 1510 4302 Extremi

405 4356 561 4418 terrarum
582 4353 694 4438 populi
717 4354 855 4420 nefarios
877 4355 1138 4440 intestabilesque
1156 4358 1300 4423 homines
1320 4358 1460 4423 audient.

451 4472 638 4559 Quicunque
661 4478 859 4561 praesentem
882 4497 987 4540 rerum
1006 4479 1127 4542 statum
1143 4479 1178 4543 in
1197 4479 1326 4544 civitate
1343 4480 1509 4558 evertunt,
