3362 5300
554 602 748 648 111111111111
768 601 967 648 mormanus.
1274 587 1312 646 77

205 801 225 843 a
248 782 342 846 certis
362 785 491 868 quidem
515 784 655 850 consiliis
679 785 941 870 proficiscuntur,
965 786 1019 849 sed
1042 786 1118 847 dato
1136 783 1232 848 semel
1250 785 1311 847 im-

203 903 315 986 pulsu,
347 903 461 969 fortior
491 908 539 970 111
570 927 676 971 rerum
702 927 829 984 cursus,
855 908 888 970 11
910 905 1013 969 multa
1036 908 1162 988 praeter
1184 904 1311 988 opinio-

203 1045 278 1087 nem
309 1029 342 1089 et
371 1021 569 1091 voluntatem
601 1029 768 1092 auctorum
792 1027 902 1091 trahit.
949 1025 1021 1090 Hoc
1043 1026 1231 1109 plerumque
1254 1024 1309 1102 fit,

202 1145 246 1223 si,
277 1149 363 1229 quod
386 1146 435 1210 illi
457 1145 617 1225 fecerunt,
642 1149 802 1212 adiutores
825 1151 858 1211 et
880 1147 1018 1211 ministri
1041 1149 1195 1230 parentur
1217 1145 1309 1210 stulti

201 1267 235 1328 11
269 1247 447 1333 turbulenti
470 1269 574 1333 omnis
597 1269 711 1333 aetatis
733 1268 894 1347 homines,
917 1269 954 1333 in
978 1269 1129 1332 dedecore
1152 1269 1248 1350 atque
1270 1289 1310 1330 ex

199 1387 351 1453 dedecore
382 1388 544 1466 viventes,
576 1390 631 1473 qui
662 1412 753 1453 suum
777 1389 860 1453 nihil
882 1389 1022 1466 habent,
1047 1387 1182 1452 aliorum
1205 1386 1307 1450 multa

198 1513 347 1592 sperant,
379 1512 476 1593 atque
506 1529 543 1572 1ο
573 1512 704 1574 tandem
737 1511 925 1587 deveniant,
959 1512 996 1574 ut
1019 1531 1114 1574 causa
1138 1532 1210 1574 cum
1234 1532 1307 1594 per-

197 1629 266 1692 dito
289 1651 414 1714 quoque
437 1634 469 1694 et
492 1628 578 1694 faece
599 1630 701 1713 plebis
725 1631 1075 1721 11111111111111111Ἰ
1100 1631 1214 1715 Itaque
1238 1653 1305 1696 non

195 1750 324 1827 omnia,
355 1772 435 1835 quae
465 1754 593 1835 patrata
623 1754 717 1829 sunt,
750 1752 899 1817 accidisse
922 1752 1103 1816 volentibus
1127 1751 1249 1816 clericis
1273 1755 1306 1816 11

196 1870 361 1935 nobilibus
391 1872 541 1936 credibile
571 1875 629 1936 est.
676 1871 720 1935 Et
750 1872 815 1936 iam
846 1871 974 1936 rabulas
1004 1873 1098 1950 istos,
1123 1872 1179 1956 qui
1201 1895 1304 1956 nuper

195 1994 239 2054 ad
269 1991 486 2075 gubernacula
516 1992 653 2056 iactatae
684 1992 774 2086 navis
801 1992 971 2071 sedebant,
997 1992 1075 2056 alios
1097 1993 1133 2056 in
1155 2013 1301 2076 proram,

195 2111 276 2176 alios
302 2113 338 2176 in
361 2113 520 2177 sentinam
543 2111 676 2176 reiectos
699 2133 765 2176 esse
787 2111 939 2176 ridemus.
987 2111 1049 2178 Sed
1072 2097 1158 2196 quod
1180 2111 1302 2176 factum

194 2235 261 2310 est,
286 2235 429 2298 auctores
452 2237 484 2297 11
506 2232 591 2298 faces
615 2232 730 2298 horum
752 2232 972 2297 incendiorum
996 2235 1126 2298 reddere
1144 2232 1301 2299 infectum

193 2357 377 2437 nequeunt,
414 2357 447 2418 et
480 2353 599 2437 posteri
633 2353 688 2417 vix
720 2355 867 2430 credent,
903 2353 944 2416 ab
979 2373 1044 2416 uno
1074 2353 1213 2437 populo,
1245 2354 1301 2437 qui

191 2471 395 2539 Christianus
417 2474 615 2558 appelletur,
640 2477 765 2538 tantam
784 2473 954 2538 criminum
973 2474 1212 2538 multitudinem
1232 2475 1299 2538 tam

188 2595 282 2658 brevi
305 2597 447 2679 tempore
470 2596 611 2680 potuisse
636 2595 804 2659 committi.
852 2593 972 2660 Seditio
995 2595 1063 2659 sine
1094 2594 1160 2660 ulla
1185 2616 1298 2672 causa,

188 2737 275 2800 quae
302 2718 465 2780 commode
496 2717 577 2800 fingi
607 2717 725 2800 possit,
755 2715 932 2793 concitata,
964 2715 1034 2779 iura
1064 2715 1172 2780 divina
1201 2719 1297 2800 atque

186 2836 332 2901 humana
364 2837 500 2913 violata,
532 2835 681 2921 perfidia,
712 2836 865 2913 insidiae,
897 2836 1093 2913 calumniae,
1123 2836 1295 2914 iactantia,

185 2959 317 3036 caedes,
350 2959 498 3042 rapinae,
521 2959 686 3037 incendia,
711 2959 834 3023 nomini
857 2957 987 3042 Belgico
1012 2957 1221 3041 sempiternae
1242 2957 1294 3021 11-

184 3076 305 3142 famiae
327 3078 484 3143 maculam
508 3079 701 3144 inusserunt.
748 3078 863 3164 Itaque
885 3078 1031 3143 secundis
1056 3077 1186 3142 auribus
1202 3098 1294 3142 voces

183 3198 366 3283 accepimus
388 3221 470 3284 quae
491 3200 707 3279 iaciebantur,
732 3203 770 3264 ut
792 3222 865 3264 suas
888 3199 949 3264 sibi
972 3220 1116 3283 quaeque
1134 3198 1224 3262 natio
1243 3221 1293 3263 rea

182 3319 328 3383 haberet.
376 3319 565 3385 Guilielmus
595 3341 686 3405 reges
716 3319 864 3404 Europae
885 3319 1125 3403 potentissimos
1148 3320 1291 3405 rogavit,

183 3442 242 3517 ut,
266 3440 321 3523 qui
343 3439 492 3524 Belgium
512 3462 583 3505 cum
604 3440 780 3505 Hollandia
799 3441 1092 3526 conglutinarent,
1112 3441 1208 3506 iidem
1223 3443 1292 3506 sine

180 3562 304 3623 damno
335 3564 445 3625 nostro
475 3541 693 3627 dissolverent.
741 3561 869 3627 Interea
900 3563 987 3628 intra
1017 3567 1138 3629 veteres
1168 3563 1291 3647 patriae

178 3679 266 3744 fines
288 3681 481 3746 recessimus.
528 3681 655 3748 Sordidi
677 3686 709 3746 et
732 3683 850 3768 impuri
873 3684 1031 3762 latrones,
1053 3685 1187 3770 (1111111
1207 3685 1290 3750 1111-

180 3801 272 3866 modi
303 3803 435 3867 vocibus
464 3805 546 3866 utor.
594 3802 678 3880 Quid
707 3803 847 3869 faciam?
892 3804 1055 3888 Ingenuos
1085 3807 1118 3868 et
1140 3804 1293 3869 honestos

179 3921 345 4006 appellare
377 3944 443 3986 non
474 3925 617 4010 possum)
648 3924 789 3988 latrones
820 3925 920 4008 igitur
949 3911 993 3989 11
1018 3925 1170 3990 coeruleis
1201 3925 1291 3990 stolis

178 4043 362 4129 galerisque
393 4044 571 4121 Iacobinis,
603 4045 784 4109 audaciores
815 4043 909 4120 facti,
940 4045 1097 4129 impetum
1121 4046 1291 4110 minaban-

176 4169 247 4229 tur.
293 4163 407 4249 Neque
429 4166 463 4229 id
486 4166 620 4230 mirum:
645 4166 672 4230 11
694 4166 823 4250 quidem
845 4168 986 4230 oratores
1010 4166 1137 4250 publice
1160 4167 1195 4231 in
1217 4189 1293 4232 con-

179 4285 333 4350 ventibus
355 4271 546 4365 clamarent,
571 4286 755 4371 spoliandos
779 4307 844 4350 esse
867 4286 982 4350 divites
1002 4285 1200 4363 Hollandos‚
1220 4307 1294 4370 spo·

176 4404 328 4469 liandum
358 4426 464 4490 regem
497 4407 698 4490 opulentum.
745 4406 793 4470 Ea
823 4428 893 4491 spes
922 4427 1073 4491 magnam
1097 4405 1293 4470 Francorum

178 4525 443 4603 multitudinem,
473 4530 638 4610 praeterea
668 4528 733 4592 vim
763 4527 871 4590 furum
894 4529 928 4590 et
950 4527 1133 4591 sicariorum
1158 4528 1199 4588 ad
1222 4546 1293 4608 gre·
