3338 5302
386 515 426 580 aa
880 535 987 582 oasam

432 715 523 784 &aas
552 719 607 784 isti
637 721 729 790 erant
755 722 820 787 tres
850 720 996 790 minutae
1024 719 1160 790 animae.
1206 718 1291 788 Nam
1323 722 1400 786 dum
1428 719 1491 805 ipsi

387 838 544 922 quotidie,
576 839 691 922 quibus
722 840 816 905 modo
839 842 984 924 possent,
1010 861 1163 926 equorum
1187 860 1316 909 suorum
1340 839 1491 906 velocita-

387 962 470 1035 tem,
503 961 605 1028 aureis
636 961 811 1030 manubriis
838 963 914 1045 apta
936 958 1081 1048 flagella,
1105 960 1275 1032 rhedarum
1300 960 1491 1045 pulcritudi-

388 1100 479 1158 nem,
503 1079 668 1148 hortorum
690 1083 931 1160 amoenitatem,
954 1081 1065 1166 plenas
1081 1082 1149 1148 uini
1169 1081 1358 1166 apothecas,
1379 1084 1411 1146 et
1427 1083 1491 1147 ele-

390 1203 519 1284 gantem
541 1202 823 1268 innumerabilium
841 1202 994 1269 librorum
1014 1203 1148 1285 speeiem
1168 1205 1390 1280 ostenderent,
1410 1225 1493 1286 quae

388 1321 526 1399 invidia,
557 1323 660 1402 nolle,
693 1323 830 1388 alterum
861 1326 1044 1401 ostendere,
1080 1345 1161 1408 quaa
1193 1323 1377 1390 didicisset?
1422 1323 1492 1390 Imo

390 1445 538 1510 ostendat
572 1444 657 1528 quod
690 1443 823 1528 quisque
856 1444 956 1530 possit
990 1445 1234 1522 ornamentum,
1274 1446 1311 1507 ut
1345 1441 1494 1508 (lemelia

392 1562 550 1630 Gracchos
573 1586 663 1644 suos,
687 1586 767 1649 quae
790 1586 857 1630 non
882 1565 1014 1630 haberet
1039 1586 1214 1650 purpuram
1238 1586 1295 1629 nae
1320 1565 1462 1630 uniones.

437 1684 498 1761 Qui
519 1686 675 1757 luxuriem
696 1686 732 1750 in
754 1687 857 1773 primo
877 1684 1012 1770 Borgeri
1034 1686 1152 1770 scripto
1175 1684 1410 1770 deprehendere
1433 1685 1494 1750 sibi

392 1806 450 1870 visi
481 1809 574 1884 sunt,
597 1806 679 1877 nihil
702 1807 803 1884 aliud,
827 1828 923 1892 quam
946 1810 1033 1891 quod
1054 1828 1180 1886 omnes,
1205 1805 1493 1890 deprehenderunt.

390 1925 421 1990 A
451 1928 610 2014 culpando
640 1928 753 2000 vellem
781 1928 1019 2002 abstinuissent.
1066 1927 1150 2014 Sunt
1178 1927 1257 1994 haee
1289 1927 1434 2012 germina
1461 1931 1495 2000 at

392 2069 552 2133 gemmae,
576 2072 655 2136 quas
676 2049 800 2136 ingenii
821 2049 969 2122 fertilitas
987 2049 1127 2133 undique
1138 2047 1309 2133 protrudit
1333 2046 1492 2120 Huiefer-

391 2169 502 2240 tilitati
524 2172 559 2239 in
586 2171 644 2239 illo
665 2172 778 2246 aetatis
800 2172 911 2257 vigore
933 2192 1001 2246 non
1022 2170 1182 2254 indulgeri
1201 2172 1394 2254 nonpotest.
1419 2169 1492 2248 Sin,
1544 2177 1546 2180 ’

391 2295 495 2355 metris
512 2295 576 2367 est,
594 2314 635 2356 ne
652 2294 817 2376 rumperis.
841 2292 1018 2357 mammam
1036 2291 1123 2376 prius
1141 2313 1194 2360 ere
1211 2293 1329 2362 teneas
1354 2289 1426 2366 Hoe
1437 2290 1493 2374 qui

392 2411 584 2486 adolescenti
601 2433 667 2480 non
684 2413 868 2496 ignoscant,
893 2414 1065 2497 ignoscant
1088 2414 1216 2480 antem?
1239 2411 1321 2487 imo,
1347 2410 1404 2494 qui
1427 2433 1495 2476 non

390 2531 545 2620 probent,
568 2532 641 2604 illos
664 2555 838 2618 numquam
862 2532 991 2602 amabili
1012 2532 1138 2602 insania
1160 2531 1319 2606 laborasse
1341 2531 1493 2616 suspicet·

437 2651 498 2733 Qni
521 2653 633 2724 melius
657 2656 695 2720 de
717 2654 856 2740 ingeniis
874 2653 1014 2722 iudicare
1031 2655 1194 2738 poterant,
1215 2650 1269 2720 his,
1284 2651 1404 2724 blanda
1423 2674 1495 2736 spes

390 2772 634 2844 laetissimorum
655 2774 817 2850 fruetuum
837 2774 1012 2852 arridebat,
1035 2773 1062 2840 si
1080 2772 1240 2857 Borgerus
1259 2771 1414 2843 luxuriem
1434 2795 1495 2838 usu

391 2896 425 2958 et
453 2894 676 2967 exercitatione
707 2897 904 2982 depasceret,
937 2899 974 2961 ut
997 2894 1142 2978 depavit,
1167 2914 1338 2978 eorumque
1361 2893 1495 2966 consilio

391 3019 424 3092 et
454 3017 643 3089 auctoritate
665 3017 754 3085 brevi
777 3021 850 3104 post
870 3017 991 3087 faetum
1014 3018 1078 3095 est,
1102 3017 1156 3093 ut,
1181 3015 1311 3080 nomina
1334 3013 1504 3092 Laetoria,¹

390 3138 490 3222 ipsius
512 3137 701 3210 Academiae
724 3139 887 3214 leidensis
907 3139 997 3209 fieret
1020 3137 1164 3210 aaeessiO·
1392 3146 1394 3151 '

437 3258 489 3326 Ab
513 3280 551 3324 eo
574 3261 648 3327 inde
670 3264 832 3347 tempore,
853 3283 921 3328 non

672 3381 773 3448 Crevit
796 3383 908 3448 occulto
930 3383 1010 3451 uelut
1031 3383 1126 3446 arbor
1148 3403 1219 3446 aevo

674 3502 776 3568 Fama
797 3502 956 3581 Marcelli,

391 3622 446 3689 sed
459 3624 550 3692 tanta
561 3621 736 3702 eeleritate,
750 3627 788 3689 ut
798 3625 900 3710 gloria
908 3627 1090 3710 sequeretur
1101 3624 1252 3708 gloriam,
1266 3623 1368 3695 honos
1377 3623 1495 3709 gradus

392 3747 476 3816 essee,
484 3744 624 3822 bonnus,
636 3746 777 3830 dignitas
784 3747 1035 3820 instrumentum
1043 3748 1124 3819 esset
1131 3745 1307 3830 dignitatis.
1320 3743 1428 3829 Atque
1435 3744 1495 3810 hoo

393 3864 439 3926 ita
458 3868 585 3948 gratmn
605 3869 675 3931 erat
692 3865 761 3936 Diis
778 3867 1028 3946 immortalibus,
1041 3867 1097 3952 qui
1106 3866 1306 3951 praeclarum
1316 3865 1495 3941 hominem,

393 3986 557 4070 Umquam
576 4007 705 4060 aureum
724 3991 865 4061 cometas
884 3988 1102 4075 splendorem,
1123 3988 1216 4054 terris
1232 3988 1360 4062 tantum
1376 3985 1498 4052 vellent

393 4107 567 4182 ostendere.
591 4106 703 4192 Neque
722 4113 831 4179 tamen
850 4109 922 4178 laus
939 4107 1073 4194 Borgeri
1091 4109 1212 4180 maiora
1229 4107 1378 4192 capiebat
1392 4105 1497 4178 inere·

394 4230 518 4305 menta,
544 4248 640 4312 quem
664 4230 824 4310 doctrina,
849 4253 868 4298 a
892 4253 956 4316 qua
978 4231 1047 4299 laus
1068 4230 1167 4318 ipsius
1188 4230 1237 4303 ita
1257 4227 1435 4314 pendebat,
1461 4231 1498 4297 nt

430 4485 508 4532 Crevit
525 4489 626 4547 occulto)
661 4487 747 4538 Horat.
766 4491 843 4539 carm.
863 4491 882 4540 Ι.
903 4489 946 4549 12,
966 4507 980 4540 v
1005 4491 1038 4538 45
1056 4505 1089 4554 aq.
