3362 5300
348 555 407 626 lla
849 579 956 622 oacrio

347 765 426 846 sovii
459 786 535 842 vox,
566 784 742 839 summum,
767 763 854 845 quod
878 761 1005 830 mortali
1028 763 1135 844 posset
1158 761 1361 844 contingere,
1386 775 1457 824 csse

346 885 424 963 hoc,
460 887 496 947 ut
531 907 550 948 a
585 883 685 948 libero
713 879 832 966 populo
863 884 996 944 ametur.
1044 879 1156 966 Neque
1186 881 1234 944 ita
1262 880 1455 964 loquebatur

348 1008 494 1085 tantum,
525 1005 580 1070 sed
612 1004 707 1070 etiam
738 1003 884 1066 faciebat.
931 1001 1024 1078 Vita,
1057 1005 1170 1068 contra
1192 1002 1336 1066 omnium
1360 1005 1453 1080 vota,

347 1126 490 1192 breviore
515 1125 679 1203 functum,
703 1144 916 1208 magnamque
938 1122 1033 1186 nobis
1058 1123 1281 1188 commodandi
1304 1124 1455 1187 volunta·

347 1251 431 1325 tem,
454 1247 507 1312 hic
529 1248 673 1312 laudavit
696 1245 939 1329 Oudendorpius
962 1265 1012 1308 vn
1033 1242 1199 1308 Februarii
1223 1243 1322 1308 1752.

395 1367 522 1443 Quanto
553 1389 694 1432 moerore
716 1369 787 1431 tota
808 1365 985 1450 respublica
1008 1364 1106 1430 funus
1129 1365 1293 1430 Guiliclmi
1315 1367 1363 1431 IV
1388 1369 1458 1432 erat

349 1493 472 1567 secuta,
492 1490 586 1552 tanta
604 1487 837 1571 exspectatione
855 1488 964 1550 eadem
983 1487 1172 1571 respiciebat
1192 1485 1400 1552 (tuilielmum
1411 1487 1454 1552 V.

349 1611 478 1676 Patrem
511 1609 692 1674 habuerant
725 1608 908 1692 cognitum,
943 1607 1028 1674 filius
1059 1608 1162 1692 qualis
1195 1611 1277 1674 esset
1307 1607 1457 1686 futurus,

348 1731 487 1796 multum
510 1729 551 1795 ab
573 1728 760 1794 educatione
783 1727 953 1811 pendebat.
978 1727 1056 1791 Pars
1079 1727 1147 1811 spei
1166 1727 1202 1792 in
1222 1731 1324 1792 matre
1343 1727 1458 1807 Anna,

349 1850 512 1936 praeclara
541 1849 660 1914 femina
689 1848 817 1932 regina,
848 1848 958 1931 quales
989 1869 1055 1912 esse
1084 1848 1188 1912 solent
1212 1848 1393 1932 praeclarae
1416 1869 1460 1914 11

348 1972 519 2038 Britannia
548 1970 700 2048 feminac,
730 1969 867 2054 pietate,
892 1969 1051 2053 gravitate
1076 1973 1108 2034 ot
1130 1970 1277 2034 doctrina
1296 1969 1459 2054 insignes3

350 2115 408 2158 nec
430 2095 531 2158 matre
555 2091 736 2169 dimidiata,
761 2090 815 2156 sed
838 2112 919 2174 quac
942 2111 1000 2154 suo
1022 2090 1092 2174 ipsa
1111 2090 1195 2156 lacte
1213 2089 1373 2154 infantem
1393 2113 1460 2155 nu·

349 2213 491 2306 triverat.
537 2211 697 2288 Quantam
730 2210 786 2274 illa
817 2233 925 2276 curam
956 2211 1056 2275 filiolo
1085 2211 1313 2295 impertirent,
1348 2210 1459 2275 existi·

351 2334 432 2402 mari
466 2335 573 2417 potest
606 2336 638 2396 et
672 2355 711 2402 cx
743 2331 887 2397 oratione
920 2332 1065 2411 funebri,
1101 2334 1142 2398 ab
1175 2332 1312 2398 Onnone
1345 2332 1459 2398 Zuerio

350 2455 482 2520 Hareno
511 2454 646 2538 scripta,
678 2457 711 2518 et
736 2455 821 2537 quod
845 2453 941 2518 Petro
964 2453 1179 2538 Wesselingio
1202 2454 1272 2537 ipsa
1295 2452 1458 2530 narravit,

349 2575 385 2642 id
414 2597 447 2639 se
477 2575 691 2658 maximopere
721 2575 863 2650 studere,
896 2575 934 2636 ut
964 2572 1154 2640 Guiliclmus
1177 2573 1326 2640 tirocinia
1348 2573 1459 2638 Latini
1505 2592 1510 2598 ·

352 2697 505 2764 sermonis
535 2695 570 2762 in
602 2695 731 2779 optimis
759 2694 965 2778 scriptoribus
989 2699 1138 2778 poneret,
1164 2699 1197 2759 et
1219 2695 1254 2760 in
1276 2693 1459 2760 Academiis

351 2818 512 2884 iuventuti
543 2818 721 2901 exemplum
752 2816 843 2880 fieret
865 2814 1068 2900 diligentiae,
1092 2815 1214 2880 civibus
1236 2815 1272 2879 in
1294 2815 1459 2900 republica

352 2939 512 3024 specimen
534 2938 761 3004 moderationis
784 2941 816 3002 et
839 2938 997 3002 comitatis
1022 2937 1184 3002 eminent.

370 3061 507 3128 Talem
548 3061 656 3125 videre
688 3059 791 3124 filium
824 3059 920 3122 matri
954 3079 1022 3122 non
1057 3057 1212 3142 contigit,
1248 3061 1394 3122 mortuae
1428 3081 1458 3122 a.

354 3181 451 3248 1759.
486 3181 562 3246 Dux
592 3179 833 3246 Brnnsvicensis
863 3180 952 3242 tutor
983 3177 1103 3254 factus,
1136 3178 1296 3262 pupillum
1325 3201 1394 3243 non
1423 3179 1461 3243 in

352 3302 540 3379 Academia,
564 3304 618 3366 sed
640 3300 753 3384 Hagae
775 3299 984 3365 erudiendum
1007 3299 1139 3363 11111111.
1176 3297 1268 3373 ouod
1290 3317 1388 3382 quare
1411 3299 1460 3364 fe-

355 3422 450 3499 eerit,
474 3442 541 3486 non
564 3421 713 3504 comperi.
749 3419 825 3486 Non
847 3442 913 3484 11111
934 3417 1107 3484 Academia
1130 3421 1251 3483 dudum
1271 3419 1358 3484 sinus
1376 3441 1461 3503 pan-

355 3543 462 3622 derat,
494 3542 633 3626 totisque
661 3541 781 3606 viribus
813 3543 989 3606 vocaverat.
1037 3540 1142 3605 Tanto
1173 3540 1234 3604 sibi
1261 3562 1405 3624 quaeque
1426 3545 1461 3605 et

351 3669 433 3731 tunc
453 3668 487 3730 ct
509 3668 603 3732 antea
625 3662 742 3728 honori
764 3661 900 3728 ducebat
922 3661 958 3724 in
981 3661 1118 3726 alumnis
1140 3661 1257 3726 habore
1276 3660 1460 3745 Principem

352 3787 543 3852 1111111111
573 3785 696 3870 gentis:
731 3785 796 3849 dies
826 3784 872 3848 111
896 3783 1051 3867 gratiores
1074 3784 1108 3845 et
1129 3782 1211 3846 soles
1234 3781 1357 3866 fulgere
1381 3782 1462 3846 niti-

354 3909 425 3974 dius
454 3907 550 3990 vulgo
582 3906 739 3970 dicebant.
787 3903 873 3980 Quae
903 3902 1076 3968 Academia
1105 3903 1183 3968 alias
1211 3905 1244 3968 et
1268 3902 1464 3986 antiquitate

354 4033 387 4096 11
404 4027 538 4114 originis
558 4025 726 4090 nobilitate
745 4029 777 4090 et
796 4046 902 4090 11111111
922 4044 1112 4108 magnarum
1128 4022 1280 4087 memoria
1297 4023 1462 4102 anteibat,

355 4174 392 4216 ea
415 4149 606 4218 Arausiacos
631 4169 802 4232 eorumque
821 4145 930 4210 affines
949 4145 1072 4230 accepit
1090 4147 1319 4229 propemodum
1339 4165 1464 4210 omnes.

358 4296 526 4308 -ae-

388 4379 438 4427 Nec
460 4383 537 4428 matre
552 4376 693 4437 dimidiata,
718 4378 776 4443 cet.)
810 4373 941 4426 Favorinus
961 4373 1023 4441 apud
1041 4372 1159 4435 Gellium,
1177 4375 1247 4425 Noct.
1265 4371 1338 4424 Attio.
1358 4374 1418 4426 XII.
1439 4375 1465 4427 1.

356 4459 441 4522 „Quod
463 4462 499 4509 est
519 4461 564 4509 hoc
586 4463 669 4508 contra
692 4462 804 4508 naturam
824 4459 990 4524 imperfectum
1012 4461 1083 4522 atque
1100 4458 1252 4508 dimidiatum
1270 4457 1354 4507 matris
1374 4473 1467 4522 genna,

355 4542 484 4608 peperisse,
501 4560 528 4592 ac
545 4544 627 4596 statim
644 4543 672 4594 ab
690 4559 739 4592 sese
756 4542 865 4592 abiecisse
871 4539 898 4590 1”
934 4542 969 4590 Oi.
988 4543 1049 4593 Ann.
