3362 5300
603 543 792 596 onerosius.
1196 534 1258 597 107

766 733 891 797 oraeter
913 732 1069 800 Suellium
1086 735 1257 820 magistros

846 854 894 918 aui
917 855 953 919 in
978 855 1165 920 suavissima
1188 856 1258 941 epi-

814 977 867 1038 rta
902 975 1146 1060 spectabantur,
1178 997 1261 1060 quae

773 1097 863 1172 rent,
883 1096 1021 1161 iucunda
1040 1117 1165 1162 morum
1184 1117 1260 1182 gra·
1314 1181 1318 1188 ι

735 1236 835 1300 prope
858 1217 991 1281 militari
1013 1218 1170 1284 brevitate
1193 1221 1259 1285 elo-

685 1383 691 1397 .
721 1335 886 1415 Tacitum,
911 1340 961 1417 et,
985 1339 1070 1423 quod
1092 1341 1139 1405 rei
1164 1344 1261 1426 caput

625 1497 653 1534 ο,
687 1459 726 1521 de
756 1457 960 1546 poliorcetica
991 1461 1091 1545 deque
1114 1461 1203 1525 omui
1226 1482 1261 1525 re

575 1580 651 1642 octe
671 1580 704 1642 et
722 1578 888 1663 perspicue
907 1581 1106 1664 exponebat,
1126 1585 1164 1646 ut
1183 1583 1260 1646 ado·

533 1721 582 1762 em
606 1696 838 1777 Professorem,
864 1703 919 1764 sed
942 1700 1171 1786 Imperatorem
1195 1703 1262 1768 Ro·

492 1818 625 1883 militiae
659 1821 816 1898 veterem,
852 1821 914 1885 sibi
950 1823 1059 1887 audire
1091 1823 1261 1888 videretur.

430 1961 459 2003 m
491 1939 672 2004 Romanam
695 1941 809 2005 deinde
832 1941 940 2006 edidit.
988 1942 1157 2008 Mauritius
1179 1943 1271 2020 libro⁴

402 2061 634 2138 delectabatur,
659 2063 692 2126 et
714 2061 831 2126 milites
855 2083 948 2146 saepe
972 2065 1013 2127 ad
1037 2085 1107 2128 eam
1126 2063 1263 2128 formam

373 2183 486 2268 Hagae
521 2202 665 2267 quoque,
702 2185 846 2247 cessante
880 2183 983 2262 bello,
1016 2184 1197 2250 Romanum
1228 2185 1264 2249 in

301 2325 446 2390 pugnare
469 2303 588 2368 docuit.
635 2302 721 2368 Talis
745 2305 858 2388 proelii
878 2305 1036 2371 ludicrum
1060 2306 1265 2371 simulacrum

229 2425 330 2490 amico
368 2425 476 2509 aliquo
509 2443 704 2508 cognoscens
739 2423 884 2509 Lipsius,
917 2427 1099 2512 rescripsit,
1135 2449 1168 2492 se
1202 2428 1264 2492 isto

179 2546 296 2611 rauntii
332 2568 427 2611 sensu
456 2545 491 2610 iu
521 2544 638 2610 militia
668 2548 823 2630 gaudere,
854 2548 1037 2633 bonumque
1068 2548 1264 2634 periculum,

158 2669 262 2752 paullo
298 2671 407 2733 tamon
442 2667 533 2732 aliter
564 2665 661 2732 fuisse
691 2667 924 2734 instituendum
956 2671 1021 2734 dux
1050 2669 1104 2734 illc
1135 2671 1265 2753 togatus

158 2789 379 2855 arbitrabatur.

198 2910 249 2974 Ita
283 2910 448 2976 Leidensis
471 2907 645 2974 Academia
680 2911 790 2974 statim
823 2909 994 2976 Guilielmo
1027 2912 1150 2978 auctori
1181 2912 1265 2977 hanc

158 3031 265 3096 retulit
296 3031 449 3116 gratiam,
474 3033 512 3094 ut
534 3029 620 3094 filius
645 3051 753 3094 earum
778 3032 895 3095 artium
919 3034 985 3097 alta
1008 3033 1125 3098 iaceret
1147 3033 1265 3098 funda·

158 3155 280 3230 menta,
317 3152 449 3235 quibus,
483 3151 583 3215 veluti
613 3150 784 3235 Iphicratis
815 3155 847 3216 et
878 3151 1077 3218 Archimedis
1108 3175 1266 3219 renovans

158 3273 319 3357 exempla,
351 3273 474 3357 patriae
505 3271 643 3336 multum
675 3273 822 3356 prodesse
853 3275 971 3357 posset.
1016 3274 1149 3360 Iamque
1172 3276 1264 3340 bien-

158 3393 244 3457 nium
277 3394 343 3458 fere
376 3393 427 3457 hic
458 3395 615 3477 degerat,
630 3415 730 3476 quum
752 3393 852 3478 legati
877 3392 1034 3460 Ordiuum
1057 3395 1265 3476 Hollandiae‚

158 3517 308 3596 pateruae
339 3515 451 3579 mortis
483 3514 634 3578 nuntium
658 3513 843 3615 afferentes,
867 3537 940 3579 eum
963 3516 1104 3601 Delphos
1129 3520 1266 3582 deduxe-

157 3641 249 3716 runt,
276 3638 558 3720 retinueruntque,
577 3638 615 3699 ut
634 3657 692 3700 sua
710 3635 787 3720 ipsis
807 3656 904 3721 opera
924 3639 1055 3702 adesset.
1081 3637 1266 3715 Mauritius,

158 3760 241 3841 quod
265 3775 415 3843 praeseus
438 3757 541 3821 facere
564 3777 633 3821 uon
651 3759 797 3840 poterat,
817 3757 930 3821 absens
952 3757 988 3821 in
1008 3757 1160 3843 epistola,
1178 3778 1266 3822 amo·

155 3900 222 3942 rem
246 3883 281 3945 et
302 3879 457 3944 beneficia
479 3877 698 3943 Professorum
721 3881 814 3962 grato
839 3878 946 3942 animo
967 3878 1178 3959 collaudavit,
1196 3877 1267 3963 pol-

156 3999 263 4066 licitus
287 4023 392 4065 rerum
414 4000 549 4064 istarum
573 3999 758 4064 memoriam
782 4002 893 4084 sancto
916 4021 949 4064 se
973 4022 1040 4066 esse
1060 4004 1268 4067 servatarum.

157 4171 305 4184 *van-*n—

188 4259 263 4318 Λίίιι)
299 4259 340 4308 Ed:
360 4271 396 4323 pr.
416 4255 461 4308 llic.

188 4341 306 4390 Prodesse
318 4345 407 4404 posset)
443 4340 484 4388 lld.
503 4353 540 4404 pr.
554 4336 659 4404 profuit.

188 4423 283 4471 Atreus
303 4423 329 4470 in
352 4422 462 4487 marola)
496 4421 561 4469 Anni
584 4421 649 4468 1584
665 4435 745 4468 meuse
761 4418 910 4485 Septembri,
930 4437 978 4472 uua
995 4437 1049 4473 cum
1066 4424 1166 4476 Senatus
1182 4427 1272 4476 Acade·

155 4503 212 4551 mici
231 4519 358 4568 responso,
376 4503 480 4552 eiusdem
499 4507 526 4551 ut
543 4502 639 4552 videtur
656 4502 786 4566 temporis,
804 4503 909 4553 exhibita
925 4505 951 4554 iu
970 4507 1058 4556 Anuot.
