3362 5296
622 515 784 562 ΑΒΒΑΗΑΜΟ
806 518 931 563 VRIESIO.

269 702 504 784 Maternusque¹
519 699 630 777 timor,
654 722 726 765 cum
749 701 844 767 remis
867 703 981 786 cymba
1003 702 1134 768 duobus.

270 820 400 888 Hordea
422 821 573 905 proiicere
597 824 629 885 et
649 822 827 906 plumatam
850 823 951 888 accire
974 822 1154 902 cohortem,

270 942 510 1026 Ductorumque
534 942 657 1006 animos
680 943 854 1027 cristasque
876 942 1045 1023 lacessere3
1070 945 1162 1010 nidos

271 1063 429 1130 Scandere
453 1084 637 1140 corvorum,
662 1065 756 1146 atque
779 1085 839 1128 cro
863 1064 1051 1130 descendere
1072 1070 1188 1150 rapt03

271 1183 407 1249 Nectere
433 1186 535 1259 serta,
560 1185 609 1261 ct,
634 1205 712 1267 quas
736 1205 754 1248 a
776 1185 874 1249 divite
896 1186 987 1268 copia
1011 1208 1110 1251 cornu

273 1303 468 1369 Effundebat
490 1326 583 1388 opes,
608 1304 730 1388 legere,
755 1327 774 1369 o
797 1327 895 1389 quae,
921 1309 1042 1390 quanta
1064 1308 1230 1392 voluptas!

274 1425 343 1490 Iam
367 1448 452 1491 nova
473 1448 555 1510 quae
577 1425 700 1510 gelidae
722 1427 897 1510 portabant
919 1428 1036 1512 gaudia
1058 1429 1224 1505 brumae‚'

274 1547 404 1612 Possem
425 1547 481 1611 ubi
503 1547 629 1612 ferratis
651 1548 785 1632 glaciem
809 1549 946 1634 crispare
968 1549 1151 1627 cothurnis,

275 1668 320 1733 Et
340 1669 512 1753 vespertini
534 1671 698 1734 traducere
721 1670 871 1754 temporis
893 1670 1006 1748 horas,

276 1789 381 1854 Fortis
404 1790 445 1856 ab
467 1789 592 1856 insidiis
615 1791 723 1855 oculos
746 1790 913 1857 defendere
936 1793 1057 1856 somni!

277 1911 376 1988 Tum,
400 1910 527 1975 lucente
548 1910 638 1988 foce,
663 1911 809 2007 genetrix
832 1934 883 1976 me
906 1933 979 1978 cara
1001 1914 1151 1991 docebat,

278 2031 355 2109 Quis
376 2030 479 2110 Deus,
505 2035 553 2110 et,
578 2031 666 2096 coelo
690 2053 784 2116 quem
806 2034 984 2098 demisisset
1007 2034 1047 2097 ab
1071 2034 1156 2112 alto,

277 2152 381 2219 Unica
403 2175 489 2238 spes,
514 2174 551 2218 aa
573 2175 648 2218 vera
670 2154 755 2218 salus
779 2153 967 2218 mortalibus
989 2155 1101 2238 aegris.

276 2274 466 2340 Sanctorum
489 2274 597 2339 divina
618 2275 755 2360 legentis
777 2275 896 2359 scripta
919 2276 1077 2353 virorum,

276 2395 378 2471 Quam
401 2395 526 2480 placido
550 2395 677 2460 monitu
699 2396 866 2481 ingenium
888 2418 1058 2481 vocemque
1081 2396 1230 2482 regebat!

277 2515 376 2602 Saepe
400 2517 590 2581 canebamus
613 2516 729 2582 Iessaei
751 2517 893 2581 carmina
915 2518 1008 2582 vatis.

277 2637 374 2702 Nunc
397 2639 494 2702 etiam
516 2638 642 2702 tumulo
665 2640 810 2702 materna
833 2638 959 2702 videtur
983 2638 1023 2701 ab
1044 2638 1107 2701 istc

240 2741 242 2746 ι
278 2756 413 2844 Surgere
437 2779 516 2824 vox:
564 2757 678 2823 »Cervi
702 2758 846 2822 sublimis
870 2757 1047 2835 anhelitus,
1071 2758 1197 2823 instans

279 2877 386 2942 Turba
409 2901 543 2957 canum,
565 2879 727 2963 insperata
750 2878 846 2964 fugae
873 2879 940 2956 ria,
965 2878 1104 2943 fervidus
1128 2880 1221 2942 ardor

280 2998 391 3064 Fontis
415 3022 513 3084 aquas
536 2999 634 3084 gelidi
657 2998 820 3064 clamans''
845 2997 924 3064 mihi
947 3001 1100 3083 personat
1123 3021 1224 3064 aures.

281 3120 351 3186 Ah!
383 3143 440 3186 cur
470 3122 627 3187 innocuae
650 3143 705 3186 rer
726 3120 807 3186 illud
831 3122 967 3186 amabile
990 3121 1092 3199 ritae,

282 3241 423 3327 Tamque
447 3244 510 3308 cito
534 3264 573 3308 ex
595 3241 694 3306 oculis
718 3245 785 3305 tarn
808 3241 942 3326 pulchra
966 3241 1079 3326 effugit
1101 3241 1228 3326 imago!

282 3362 368 3430 Nam
390 3387 489 3449 quas,
513 3364 660 3429 horresco
684 3366 847 3448 repetens,
872 3362 1055 3429 labentibus
1080 3365 1191 3442 annis,

283 3483 438 3550 Severunt
461 3506 553 3550 curae
575 3485 730 3569 proscisso
753 3485 788 3548 in
813 3487 941 3570 pectore
965 3484 1091 3568 spinas!

283 3601 427 3670 Vulnera
450 3627 531 3690 quae
554 3605 638 3670 sensi
661 3605 810 3669 extremis
833 3604 951 3668 saevire
974 3602 1140 3667 medullis!

282 3724 371 3790 Heu!
390 3748 470 3810 quae
487 3747 573 3810 spes,
592 3748 673 3811 quae
688 3729 779 3803 vota,
796 3728 905 3789 tamen
923 3747 990 3788 non
1006 3724 1168 3808 improba,
1183 3721 1312 3788 iamiam

283 3843 458 3911 Prensuras
480 3844 591 3931 fugere
614 3847 744 3909 manus!
770 3867 850 3929 quae
874 3844 991 3930 gaudia
1013 3843 1098 3908 laeto

283 3965 354 4030 Iam
378 3970 547 4051 praecepta
570 3966 695 4043 animo,
720 3987 801 4050 quae
825 3965 1045 4030 blandimenta
1071 3964 1186 4048 quietis

285 4086 455 4164 Ostensae‚
480 4087 596 4152 celeres
618 4107 750 4170 rapuere
772 4108 830 4170 per
854 4086 983 4150 aethera
1006 4085 1114 4149 venti!

285 4206 333 4273 At
355 4209 477 4292 patriae
499 4207 616 4273 florens
638 4229 689 4272 me
702 4205 877 4296 solabatur
898 4207 1023 4290 imago:

284 4327 415 4404 Quaene
438 4351 527 4394 arma
549 4329 584 4392 in
608 4329 691 4394 cives
715 4328 798 4392 circs
823 4330 1005 4392 convertere
1028 4324 1134 4392 vidit?

285 4447 453 4513 Excelsam
477 4449 559 4512 vidit
582 4450 752 4543 peregrina
775 4450 810 4512 in
833 4449 927 4512 litora
953 4445 1085 4537 stirpem
