<?xml version="1.0" encoding="UTF-8"?>
<!DOCTYPE html PUBLIC "-//W3C//DTD XHTML 1.0 Transitional//EN"
    "http://www.w3.org/TR/xhtml1/DTD/xhtml1-transitional.dtd">
<html xmlns="http://www.w3.org/1999/xhtml" xml:lang="en" lang="en">
 <head>
  <title>
</title>
<meta http-equiv="Content-Type" content="text/html;charset=utf-8" />
  <meta name='ocr-system' content='tesseract 3.04.00' />
  <meta name='ocr-capabilities' content='ocr_page ocr_carea ocr_par ocr_line ocrx_word'/>
</head>
<body>
  <div class='ocr_page' id='page_1' title='image "./opusculaoratori00peergoog/opusculaoratori00peergoog_0135.png"; bbox 0 0 3362 5300; ppageno 0'>
   <div class='ocr_carea' id='block_1_1' title="bbox 407 547 1013 609">
    <p class='ocr_par' dir='ltr' id='par_1_1' title="bbox 407 547 1013 609">
     <span class='ocr_line' id='line_1_1' title="bbox 407 547 1013 609; baseline 0 -3"><span class='ocrx_word' id='word_1_1' title='bbox 407 547 466 607; x_wconf 76' lang='lat' dir='ltr'>lle</span> <span class='ocrx_word' id='word_1_2' title='bbox 906 561 1013 609; x_wconf 70' lang='lat' dir='ltr'>canno</span> 
     </span>
    </p>
   </div>
   <div class='ocr_carea' id='block_1_2' title="bbox 406 744 1509 1535">
    <p class='ocr_par' dir='ltr' id='par_1_2' title="bbox 406 744 1509 1535">
     <span class='ocr_line' id='line_1_2' title="bbox 407 744 1509 831; baseline 0.001 -21"><span class='ocrx_word' id='word_1_3' title='bbox 407 747 531 831; x_wconf 84' lang='lat' dir='ltr'>ingenii</span> <span class='ocrx_word' id='word_1_4' title='bbox 560 747 704 825; x_wconf 73' lang='lat' dir='ltr'>dotibus,</span> <span class='ocrx_word' id='word_1_5' title='bbox 738 750 771 811; x_wconf 91' lang='lat' dir='ltr'>et</span> <span class='ocrx_word' id='word_1_6' title='bbox 799 747 929 831; x_wconf 78' lang='lat' dir='ltr'>stirpem</span> <span class='ocrx_word' id='word_1_7' title='bbox 952 744 1158 810; x_wconf 86' lang='lat' dir='ltr'>Arausiaoam</span> <span class='ocrx_word' id='word_1_8' title='bbox 1181 747 1387 812; x_wconf 86' lang='lat' dir='ltr'>matrimonio</span> <span class='ocrx_word' id='word_1_9' title='bbox 1409 747 1509 831; x_wconf 83' lang='lat' dir='ltr'>regiae</span> 
     </span>
     <span class='ocr_line' id='line_1_3' title="bbox 408 865 1508 952; baseline 0.001 -21"><span class='ocrx_word' id='word_1_10' title='bbox 408 867 542 951; x_wconf 83' lang='lat' dir='ltr'>virginis</span> <span class='ocrx_word' id='word_1_11' title='bbox 574 868 766 932; x_wconf 81' lang='lat' dir='ltr'>decorabat?</span> <span class='ocrx_word' id='word_1_12' title='bbox 812 866 919 951; x_wconf 86' lang='lat' dir='ltr'>Atque</span> <span class='ocrx_word' id='word_1_13' title='bbox 942 865 1095 943; x_wconf 89' lang='lat' dir='ltr'>Ordines,</span> <span class='ocrx_word' id='word_1_14' title='bbox 1120 867 1211 950; x_wconf 84' lang='lat' dir='ltr'><strong>quasi</strong></span> <span class='ocrx_word' id='word_1_15' title='bbox 1232 867 1508 952; x_wconf 64' lang='lat' dir='ltr'>intemperantiam</span> 
     </span>
     <span class='ocr_line' id='line_1_4' title="bbox 408 987 1508 1072; baseline 0.002 -22"><span class='ocrx_word' id='word_1_16' title='bbox 408 987 644 1052; x_wconf 90' lang='lat' dir='ltr'>munificentiae</span> <span class='ocrx_word' id='word_1_17' title='bbox 687 988 862 1064; x_wconf 72' lang='lat' dir='ltr'>sentirent,</span> <span class='ocrx_word' id='word_1_18' title='bbox 906 991 939 1051; x_wconf 88' lang='lat' dir='ltr'>et</span> <span class='ocrx_word' id='word_1_19' title='bbox 976 987 1151 1052; x_wconf 85' lang='lat' dir='ltr'>mercedem</span> <span class='ocrx_word' id='word_1_20' title='bbox 1187 988 1405 1071; x_wconf 83' lang='lat' dir='ltr'>postularent,</span> <span class='ocrx_word' id='word_1_21' title='bbox 1441 989 1508 1072; x_wconf 89' lang='lat' dir='ltr'>plus</span> 
     </span>
     <span class='ocr_line' id='line_1_5' title="bbox 408 1108 1509 1193; baseline 0.001 -22"><span class='ocrx_word' id='word_1_22' title='bbox 408 1110 492 1192; x_wconf 90' lang='lat' dir='ltr'>apud</span> <span class='ocrx_word' id='word_1_23' title='bbox 515 1112 663 1193; x_wconf 83' lang='lat' dir='ltr'>parentes</span> <span class='ocrx_word' id='word_1_24' title='bbox 687 1111 726 1172; x_wconf 92' lang='lat' dir='ltr'>de</span> <span class='ocrx_word' id='word_1_25' title='bbox 749 1108 912 1173; x_wconf 90' lang='lat' dir='ltr'>educando</span> <span class='ocrx_word' id='word_1_26' title='bbox 935 1108 1002 1172; x_wconf 93' lang='lat' dir='ltr'>filio</span> <span class='ocrx_word' id='word_1_27' title='bbox 1025 1108 1255 1192; x_wconf 83' lang='lat' dir='ltr'>loquebantur,</span> <span class='ocrx_word' id='word_1_28' title='bbox 1278 1131 1375 1193; x_wconf 90' lang='lat' dir='ltr'>quam</span> <span class='ocrx_word' id='word_1_29' title='bbox 1398 1109 1459 1193; x_wconf 90' lang='lat' dir='ltr'>ipsi</span> <span class='ocrx_word' id='word_1_30' title='bbox 1476 1110 1509 1172; x_wconf 92' lang='lat' dir='ltr'>in</span> 
     </span>
     <span class='ocr_line' id='line_1_6' title="bbox 408 1229 1509 1313; baseline 0 -19"><span class='ocrx_word' id='word_1_31' title='bbox 408 1229 503 1294; x_wconf 83' lang='lat' dir='ltr'>simili</span> <span class='ocrx_word' id='word_1_32' title='bbox 547 1251 641 1294; x_wconf 87' lang='lat' dir='ltr'>cause</span> <span class='ocrx_word' id='word_1_33' title='bbox 679 1251 779 1313; x_wconf 91' lang='lat' dir='ltr'>aequo</span> <span class='ocrx_word' id='word_1_34' title='bbox 814 1229 920 1293; x_wconf 91' lang='lat' dir='ltr'>animo</span> <span class='ocrx_word' id='word_1_35' title='bbox 953 1229 1123 1306; x_wconf 89' lang='lat' dir='ltr'>tulissent,</span> <span class='ocrx_word' id='word_1_36' title='bbox 1158 1251 1225 1293; x_wconf 91' lang='lat' dir='ltr'>non</span> <span class='ocrx_word' id='word_1_37' title='bbox 1261 1251 1344 1294; x_wconf 90' lang='lat' dir='ltr'>unus</span> <span class='ocrx_word' id='word_1_38' title='bbox 1378 1229 1509 1294; x_wconf 86' lang='lat' dir='ltr'>fortasse</span> 
     </span>
     <span class='ocr_line' id='line_1_7' title="bbox 407 1349 1507 1434; baseline 0.001 -21"><span class='ocrx_word' id='word_1_39' title='bbox 407 1349 540 1434; x_wconf 80' lang='lat' dir='ltr'>patricia</span> <span class='ocrx_word' id='word_1_40' title='bbox 573 1350 629 1413; x_wconf 90' lang='lat' dir='ltr'>illa</span> <span class='ocrx_word' id='word_1_41' title='bbox 663 1349 821 1434; x_wconf 80' lang='lat' dir='ltr'>gravitate</span> <span class='ocrx_word' id='word_1_42' title='bbox 850 1370 1076 1433; x_wconf 88' lang='lat' dir='ltr'>responsurus,</span> <span class='ocrx_word' id='word_1_43' title='bbox 1109 1371 1215 1413; x_wconf 90' lang='lat' dir='ltr'>secum</span> <span class='ocrx_word' id='word_1_44' title='bbox 1244 1349 1312 1413; x_wconf 88' lang='lat' dir='ltr'>fore</span> <span class='ocrx_word' id='word_1_45' title='bbox 1342 1349 1441 1414; x_wconf 89' lang='lat' dir='ltr'>istum</span> <span class='ocrx_word' id='word_1_46' title='bbox 1463 1351 1507 1414; x_wconf 93' lang='lat' dir='ltr'>la·</span> 
     </span>
     <span class='ocr_line' id='line_1_8' title="bbox 406 1471 527 1535; baseline 0.008 -1"><span class='ocrx_word' id='word_1_47' title='bbox 406 1471 527 1535; x_wconf 88' lang='lat' dir='ltr'>horem.</span> 
     </span>
    </p>
   </div>
   <div class='ocr_carea' id='block_1_3' title="bbox 453 1581 1645 1670">
    <p class='ocr_par' dir='ltr' id='par_1_3' title="bbox 453 1581 1645 1670">
     <span class='ocr_line' id='line_1_9' title="bbox 453 1581 1645 1670; baseline -0.001 -13"><span class='ocrx_word' id='word_1_48' title='bbox 453 1581 642 1658; x_wconf 75' lang='lat' dir='ltr'>Guilielmur</span> <span class='ocrx_word' id='word_1_49' title='bbox 672 1593 706 1656; x_wconf 90' lang='grc' dir='ltr'>Π</span> <span class='ocrx_word' id='word_1_50' title='bbox 736 1593 770 1656; x_wconf 95' lang='lat' dir='ltr'>in</span> <span class='ocrx_word' id='word_1_51' title='bbox 794 1591 967 1657; x_wconf 79' lang='lat' dir='ltr'>Academia</span> <span class='ocrx_word' id='word_1_52' title='bbox 989 1596 1131 1657; x_wconf 85' lang='lat' dir='ltr'>versatus</span> <span class='ocrx_word' id='word_1_53' title='bbox 1155 1614 1222 1656; x_wconf 92' lang='lat' dir='ltr'>non</span> <span class='ocrx_word' id='word_1_54' title='bbox 1245 1594 1310 1670; x_wconf 88' lang='lat' dir='ltr'>est,</span> <span class='ocrx_word' id='word_1_55' title='bbox 1335 1595 1391 1657; x_wconf 87' lang='lat' dir='ltr'>sed</span> <span class='ocrx_word' id='word_1_56' title='bbox 1414 1616 1453 1657; x_wconf 86' lang='lat' dir='ltr'>ex</span> <span class='ocrx_word' id='word_1_57' title='bbox 1476 1615 1509 1656; x_wconf 81' lang='lat' dir='ltr'>ea</span> <span class='ocrx_word' id='word_1_58' title='bbox 1642 1624 1645 1629; x_wconf 57' lang='grc'><strong>’</strong></span> 
     </span>
    </p>
   </div>
   <div class='ocr_carea' id='block_1_4' title="bbox 399 1712 1513 3612">
    <p class='ocr_par' dir='ltr' id='par_1_4' title="bbox 399 1712 1513 3612">
     <span class='ocr_line' id='line_1_10' title="bbox 406 1712 1509 1798; baseline 0.001 -21"><span class='ocrx_word' id='word_1_59' title='bbox 406 1715 642 1798; x_wconf 74' lang='lat' dir='ltr'>praeceptorem</span> <span class='ocrx_word' id='word_1_60' title='bbox 666 1713 803 1798; x_wconf 88' lang='lat' dir='ltr'>accepit,</span> <span class='ocrx_word' id='word_1_61' title='bbox 828 1712 1026 1798; x_wconf 82' lang='lat' dir='ltr'>Theologum</span> <span class='ocrx_word' id='word_1_62' title='bbox 1050 1733 1168 1798; x_wconf 84' lang='lat' dir='ltr'>magna</span> <span class='ocrx_word' id='word_1_63' title='bbox 1191 1713 1277 1777; x_wconf 85' lang='lat' dir='ltr'>fama</span> <span class='ocrx_word' id='word_1_64' title='bbox 1296 1715 1329 1777; x_wconf 90' lang='lat' dir='ltr'>et</span> <span class='ocrx_word' id='word_1_65' title='bbox 1347 1715 1509 1791; x_wconf 86' lang='lat' dir='ltr'>doctrina,</span> 
     </span>
     <span class='ocr_line' id='line_1_11' title="bbox 406 1833 1509 1918; baseline 0.001 -20"><span class='ocrx_word' id='word_1_66' title='bbox 406 1833 570 1899; x_wconf 82' lang='lat' dir='ltr'>Andream</span> <span class='ocrx_word' id='word_1_67' title='bbox 591 1834 759 1911; x_wconf 86' lang='lat' dir='ltr'>Rivetum,</span> <span class='ocrx_word' id='word_1_68' title='bbox 784 1857 894 1918; x_wconf 91' lang='lat' dir='ltr'>quem,</span> <span class='ocrx_word' id='word_1_69' title='bbox 920 1834 946 1898; x_wconf 90' lang='lat' dir='ltr'>si</span> <span class='ocrx_word' id='word_1_70' title='bbox 969 1856 1007 1897; x_wconf 85' lang='lat' dir='ltr'>ex</span> <span class='ocrx_word' id='word_1_71' title='bbox 1030 1834 1191 1911; x_wconf 87' lang='lat' dir='ltr'>oratione,</span> <span class='ocrx_word' id='word_1_72' title='bbox 1215 1856 1278 1917; x_wconf 91' lang='lat' dir='ltr'>qua</span> <span class='ocrx_word' id='word_1_73' title='bbox 1297 1857 1414 1899; x_wconf 86' lang='lat' dir='ltr'>munus</span> <span class='ocrx_word' id='word_1_74' title='bbox 1436 1836 1509 1900; x_wconf 89' lang='lat' dir='ltr'>olim</span> 
     </span>
     <span class='ocr_line' id='line_1_12' title="bbox 406 1956 1509 2043; baseline 0.001 -24"><span class='ocrx_word' id='word_1_75' title='bbox 406 1957 544 2033; x_wconf 88' lang='lat' dir='ltr'>adierat,</span> <span class='ocrx_word' id='word_1_76' title='bbox 569 1959 605 2020; x_wconf 82' lang='lat' dir='ltr'>dc</span> <span class='ocrx_word' id='word_1_77' title='bbox 636 1958 712 2020; x_wconf 79' lang='lat' dir='ltr'>tono</span> <span class='ocrx_word' id='word_1_78' title='bbox 740 1959 828 2043; x_wconf 80' lang='lat' dir='ltr'>pacis</span> <span class='ocrx_word' id='word_1_79' title='bbox 855 1969 884 2020; x_wconf 82' lang='lat' dir='ltr'>et</span> <span class='ocrx_word' id='word_1_80' title='bbox 906 1959 1081 2021; x_wconf 78' lang='lat' dir='ltr'>concordiae</span> <span class='ocrx_word' id='word_1_81' title='bbox 1104 1959 1137 2020; x_wconf 82' lang='lat' dir='ltr'>in</span> <span class='ocrx_word' id='word_1_82' title='bbox 1159 1957 1313 2033; x_wconf 81' lang='lat' dir='ltr'>Ecclesia,</span> <span class='ocrx_word' id='word_1_83' title='bbox 1337 1956 1509 2033; x_wconf 90' lang='lat' dir='ltr'>iudicares,</span> 
     </span>
     <span class='ocr_line' id='line_1_13' title="bbox 406 2075 1508 2160; baseline 0.002 -20"><span class='ocrx_word' id='word_1_84' title='bbox 406 2077 605 2142; x_wconf 88' lang='lat' dir='ltr'>moderatum</span> <span class='ocrx_word' id='word_1_85' title='bbox 637 2077 765 2140; x_wconf 89' lang='lat' dir='ltr'>diceres.</span> <span class='ocrx_word' id='word_1_86' title='bbox 813 2075 875 2142; x_wconf 82' lang='lat' dir='ltr'>Sed</span> <span class='ocrx_word' id='word_1_87' title='bbox 898 2076 1052 2160; x_wconf 80' lang='lat' dir='ltr'>Theologi</span> <span class='ocrx_word' id='word_1_88' title='bbox 1074 2077 1144 2154; x_wconf 90' lang='lat' dir='ltr'>isti,</span> <span class='ocrx_word' id='word_1_89' title='bbox 1168 2077 1329 2140; x_wconf 77' lang='lat' dir='ltr'>variarum</span> <span class='ocrx_word' id='word_1_90' title='bbox 1352 2077 1508 2160; x_wconf 89' lang='lat' dir='ltr'>partium,</span> 
     </span>
     <span class='ocr_line' id='line_1_14' title="bbox 406 2198 1509 2282; baseline 0.002 -22"><span class='ocrx_word' id='word_1_91' title='bbox 406 2219 517 2282; x_wconf 89' lang='lat' dir='ltr'>pacem</span> <span class='ocrx_word' id='word_1_92' title='bbox 546 2198 733 2282; x_wconf 88' lang='lat' dir='ltr'>plerumque</span> <span class='ocrx_word' id='word_1_93' title='bbox 761 2198 912 2264; x_wconf 86' lang='lat' dir='ltr'>volebant</span> <span class='ocrx_word' id='word_1_94' title='bbox 942 2199 976 2261; x_wconf 95' lang='lat' dir='ltr'>in</span> <span class='ocrx_word' id='word_1_95' title='bbox 1005 2199 1106 2282; x_wconf 87' lang='lat' dir='ltr'>leges,</span> <span class='ocrx_word' id='word_1_96' title='bbox 1132 2219 1210 2281; x_wconf 89' lang='lat' dir='ltr'>quas</span> <span class='ocrx_word' id='word_1_97' title='bbox 1232 2198 1294 2282; x_wconf 89' lang='lat' dir='ltr'>ipsi</span> <span class='ocrx_word' id='word_1_98' title='bbox 1316 2199 1509 2282; x_wconf 87' lang='lat' dir='ltr'>praescrihe-</span> 
     </span>
     <span class='ocr_line' id='line_1_15' title="bbox 406 2317 1510 2396; baseline 0 -13"><span class='ocrx_word' id='word_1_99' title='bbox 406 2321 489 2383; x_wconf 87' lang='lat' dir='ltr'>rent.</span> <span class='ocrx_word' id='word_1_100' title='bbox 534 2318 667 2383; x_wconf 85' lang='lat' dir='ltr'>Rivetus</span> <span class='ocrx_word' id='word_1_101' title='bbox 703 2320 771 2394; x_wconf 86' lang='lat' dir='ltr'>erat</span> <span class='ocrx_word' id='word_1_102' title='bbox 804 2318 1034 2396; x_wconf 85' lang='lat' dir='ltr'>Pictaviensis,</span> <span class='ocrx_word' id='word_1_103' title='bbox 1069 2320 1102 2381; x_wconf 91' lang='lat' dir='ltr'>et</span> <span class='ocrx_word' id='word_1_104' title='bbox 1135 2317 1308 2381; x_wconf 87' lang='lat' dir='ltr'>multorum</span> <span class='ocrx_word' id='word_1_105' title='bbox 1342 2317 1510 2384; x_wconf 91' lang='lat' dir='ltr'>hominum</span> 
     </span>
     <span class='ocr_line' id='line_1_16' title="bbox 406 2439 1509 2524; baseline -0.001 -21"><span class='ocrx_word' id='word_1_106' title='bbox 406 2440 499 2504; x_wconf 89' lang='lat' dir='ltr'>urbes</span> <span class='ocrx_word' id='word_1_107' title='bbox 531 2442 563 2503; x_wconf 88' lang='lat' dir='ltr'>et</span> <span class='ocrx_word' id='word_1_108' title='bbox 592 2460 713 2516; x_wconf 89' lang='lat' dir='ltr'>mores,</span> <span class='ocrx_word' id='word_1_109' title='bbox 748 2440 929 2524; x_wconf 88' lang='lat' dir='ltr'>principum</span> <span class='ocrx_word' id='word_1_110' title='bbox 952 2461 1092 2524; x_wconf 88' lang='lat' dir='ltr'>quoque,</span> <span class='ocrx_word' id='word_1_111' title='bbox 1115 2439 1256 2516; x_wconf 89' lang='lat' dir='ltr'>viderat,</span> <span class='ocrx_word' id='word_1_112' title='bbox 1279 2439 1376 2523; x_wconf 89' lang='lat' dir='ltr'>inque</span> <span class='ocrx_word' id='word_1_113' title='bbox 1400 2440 1509 2504; x_wconf 90' lang='lat' dir='ltr'>amici-</span> 
     </span>
     <span class='ocr_line' id='line_1_17' title="bbox 405 2558 1510 2645; baseline 0 -20"><span class='ocrx_word' id='word_1_114' title='bbox 405 2561 484 2625; x_wconf 88' lang='lat' dir='ltr'>tiam</span> <span class='ocrx_word' id='word_1_115' title='bbox 510 2560 653 2626; x_wconf 84' lang='lat' dir='ltr'>Ameliae</span> <span class='ocrx_word' id='word_1_116' title='bbox 676 2558 848 2625; x_wconf 80' lang='lat' dir='ltr'>Selmensis</span> <span class='ocrx_word' id='word_1_117' title='bbox 869 2562 1065 2644; x_wconf 88' lang='lat' dir='ltr'>pervenerat.</span> <span class='ocrx_word' id='word_1_118' title='bbox 1113 2560 1279 2625; x_wconf 86' lang='lat' dir='ltr'>Praeterea</span> <span class='ocrx_word' id='word_1_119' title='bbox 1301 2561 1388 2645; x_wconf 88' lang='lat' dir='ltr'>ipsa,</span> <span class='ocrx_word' id='word_1_120' title='bbox 1413 2583 1510 2644; x_wconf 89' lang='lat' dir='ltr'>quam</span> 
     </span>
     <span class='ocr_line' id='line_1_18' title="bbox 404 2667 1512 2768; baseline -0.002 -22"><span class='ocrx_word' id='word_1_121' title='bbox 404 2682 631 2768; x_wconf 88' lang='lat' dir='ltr'>profitebatur,</span> <span class='ocrx_word' id='word_1_122' title='bbox 663 2667 808 2745; x_wconf 88' lang='lat' dir='ltr'>doctrina</span> <span class='ocrx_word' id='word_1_123' title='bbox 837 2705 910 2768; x_wconf 89' lang='lat' dir='ltr'>eum</span> <span class='ocrx_word' id='word_1_124' title='bbox 934 2681 1186 2746; x_wconf 91' lang='lat' dir='ltr'>commendabat.</span> <span class='ocrx_word' id='word_1_125' title='bbox 1222 2669 1319 2747; x_wconf 85' lang='lat' dir='ltr'>¹Nam</span> <span class='ocrx_word' id='word_1_126' title='bbox 1341 2681 1456 2764; x_wconf 85' lang='lat' dir='ltr'>religio</span> <span class='ocrx_word' id='word_1_127' title='bbox 1480 2684 1512 2746; x_wconf 90' lang='lat' dir='ltr'>et</span> 
     </span>
     <span class='ocr_line' id='line_1_19' title="bbox 402 2802 1510 2878; baseline -0.001 -11"><span class='ocrx_word' id='word_1_128' title='bbox 402 2804 533 2868; x_wconf 89' lang='lat' dir='ltr'>libertas</span> <span class='ocrx_word' id='word_1_129' title='bbox 565 2804 642 2867; x_wconf 86' lang='lat' dir='ltr'>adeo</span> <span class='ocrx_word' id='word_1_130' title='bbox 672 2803 757 2866; x_wconf 90' lang='lat' dir='ltr'>inter</span> <span class='ocrx_word' id='word_1_131' title='bbox 788 2825 821 2866; x_wconf 88' lang='lat' dir='ltr'>se</span> <span class='ocrx_word' id='word_1_132' title='bbox 845 2805 937 2866; x_wconf 87' lang='lat' dir='ltr'>erant</span> <span class='ocrx_word' id='word_1_133' title='bbox 959 2803 1157 2867; x_wconf 88' lang='lat' dir='ltr'>consociatae</span> <span class='ocrx_word' id='word_1_134' title='bbox 1182 2804 1214 2865; x_wconf 91' lang='lat' dir='ltr'>et</span> <span class='ocrx_word' id='word_1_135' title='bbox 1236 2802 1374 2878; x_wconf 85' lang='lat' dir='ltr'>mixtae,</span> <span class='ocrx_word' id='word_1_136' title='bbox 1398 2806 1437 2865; x_wconf 91' lang='lat' dir='ltr'>ut</span> <span class='ocrx_word' id='word_1_137' title='bbox 1462 2825 1510 2866; x_wconf 88' lang='lat' dir='ltr'>se·</span> 
     </span>
     <span class='ocr_line' id='line_1_20' title="bbox 402 2923 1513 3009; baseline -0.001 -22"><span class='ocrx_word' id='word_1_138' title='bbox 402 2925 509 3009; x_wconf 88' lang='lat' dir='ltr'>parari</span> <span class='ocrx_word' id='word_1_139' title='bbox 532 2946 599 2988; x_wconf 92' lang='lat' dir='ltr'>non</span> <span class='ocrx_word' id='word_1_140' title='bbox 622 2927 769 3008; x_wconf 91' lang='lat' dir='ltr'>possent,</span> <span class='ocrx_word' id='word_1_141' title='bbox 794 2924 922 3006; x_wconf 90' lang='lat' dir='ltr'>eiusque</span> <span class='ocrx_word' id='word_1_142' title='bbox 944 2926 1012 2985; x_wconf 91' lang='lat' dir='ltr'>tam</span> <span class='ocrx_word' id='word_1_143' title='bbox 1036 2924 1126 2986; x_wconf 85' lang='lat' dir='ltr'>vetus</span> <span class='ocrx_word' id='word_1_144' title='bbox 1145 2944 1241 3005; x_wconf 92' lang='lat' dir='ltr'>quam</span> <span class='ocrx_word' id='word_1_145' title='bbox 1261 2923 1386 2985; x_wconf 86' lang='lat' dir='ltr'>mutata</span> <span class='ocrx_word' id='word_1_146' title='bbox 1406 2923 1513 2988; x_wconf 88' lang='lat' dir='ltr'>forma</span> 
     </span>
     <span class='ocr_line' id='line_1_21' title="bbox 401 3043 1510 3130; baseline -0.002 -21"><span class='ocrx_word' id='word_1_147' title='bbox 401 3045 542 3130; x_wconf 90' lang='lat' dir='ltr'>partium</span> <span class='ocrx_word' id='word_1_148' title='bbox 572 3045 743 3109; x_wconf 88' lang='lat' dir='ltr'>haberetur</span> <span class='ocrx_word' id='word_1_149' title='bbox 774 3044 974 3128; x_wconf 89' lang='lat' dir='ltr'>praesidium.</span> <span class='ocrx_word' id='word_1_150' title='bbox 1022 3043 1181 3108; x_wconf 87' lang='lat' dir='ltr'>Heuricus</span> <span class='ocrx_word' id='word_1_151' title='bbox 1205 3043 1357 3108; x_wconf 85' lang='lat' dir='ltr'>Rivetum</span> <span class='ocrx_word' id='word_1_152' title='bbox 1380 3043 1510 3128; x_wconf 86' lang='lat' dir='ltr'>Hagam</span> 
     </span>
     <span class='ocr_line' id='line_1_22' title="bbox 399 3163 1511 3248; baseline -0.003 -18"><span class='ocrx_word' id='word_1_153' title='bbox 399 3167 535 3231; x_wconf 84' lang='lat' dir='ltr'>vocavit.</span> <span class='ocrx_word' id='word_1_154' title='bbox 583 3165 789 3231; x_wconf 80' lang='lat' dir='ltr'>Guilielmum</span> <span class='ocrx_word' id='word_1_155' title='bbox 811 3165 845 3229; x_wconf 85' lang='grc' dir='ltr'>ΙΙ</span> <span class='ocrx_word' id='word_1_156' title='bbox 867 3165 1034 3230; x_wconf 88' lang='lat' dir='ltr'>instituere</span> <span class='ocrx_word' id='word_1_157' title='bbox 1058 3165 1163 3248; x_wconf 89' lang='lat' dir='ltr'>coepit</span> <span class='ocrx_word' id='word_1_158' title='bbox 1186 3187 1214 3227; x_wconf 93' lang='lat' dir='ltr'>a.</span> <span class='ocrx_word' id='word_1_159' title='bbox 1242 3163 1347 3241; x_wconf 84' lang='lat'>1632,</span> <span class='ocrx_word' id='word_1_160' title='bbox 1373 3165 1511 3228; x_wconf 74' lang='lat' dir='ltr'>mansit</span> 
     </span>
     <span class='ocr_line' id='line_1_23' title="bbox 401 3285 1512 3370; baseline -0.001 -20"><span class='ocrx_word' id='word_1_161' title='bbox 401 3308 479 3369; x_wconf 91' lang='lat' dir='ltr'>que,</span> <span class='ocrx_word' id='word_1_162' title='bbox 510 3287 537 3350; x_wconf 90' lang='lat' dir='ltr'>si</span> <span class='ocrx_word' id='word_1_163' title='bbox 567 3307 641 3350; x_wconf 85' lang='lat' dir='ltr'>vere</span> <span class='ocrx_word' id='word_1_164' title='bbox 665 3285 817 3362; x_wconf 89' lang='lat' dir='ltr'>coniicio,</span> <span class='ocrx_word' id='word_1_165' title='bbox 842 3285 955 3370; x_wconf 85' lang='lat' dir='ltr'>Hagae</span> <span class='ocrx_word' id='word_1_166' title='bbox 978 3308 1077 3368; x_wconf 87' lang='lat' dir='ltr'>usquc</span> <span class='ocrx_word' id='word_1_167' title='bbox 1102 3285 1142 3348; x_wconf 88' lang='lat' dir='ltr'>ad</span> <span class='ocrx_word' id='word_1_168' title='bbox 1167 3307 1288 3348; x_wconf 89' lang='lat' dir='ltr'>annum</span> <span class='ocrx_word' id='word_1_169' title='bbox 1315 3286 1419 3362; x_wconf 83' lang='lat'>1646,</span> <span class='ocrx_word' id='word_1_170' title='bbox 1448 3307 1512 3370; x_wconf 91' lang='lat' dir='ltr'>quo</span> 
     </span>
     <span class='ocr_line' id='line_1_24' title="bbox 400 3405 1512 3484; baseline -0.001 -13"><span class='ocrx_word' id='word_1_171' title='bbox 400 3407 559 3471; x_wconf 88' lang='lat' dir='ltr'>Henricus</span> <span class='ocrx_word' id='word_1_172' title='bbox 594 3407 623 3470; x_wconf 88' lang='lat' dir='ltr'>ci</span> <span class='ocrx_word' id='word_1_173' title='bbox 657 3428 765 3470; x_wconf 88' lang='lat' dir='ltr'>curam</span> <span class='ocrx_word' id='word_1_174' title='bbox 800 3405 933 3471; x_wconf 81' lang='lat' dir='ltr'>Scholae</span> <span class='ocrx_word' id='word_1_175' title='bbox 966 3406 1099 3470; x_wconf 88' lang='lat' dir='ltr'>illustris</span> <span class='ocrx_word' id='word_1_176' title='bbox 1135 3405 1300 3470; x_wconf 87' lang='lat' dir='ltr'>Bredanae</span> <span class='ocrx_word' id='word_1_177' title='bbox 1331 3406 1512 3484; x_wconf 87' lang='lat' dir='ltr'>commisit,</span> 
     </span>
     <span class='ocr_line' id='line_1_25' title="bbox 401 3526 1513 3612; baseline 0 -21"><span class='ocrx_word' id='word_1_178' title='bbox 401 3550 533 3612; x_wconf 86' lang='lat' dir='ltr'>eamque</span> <span class='ocrx_word' id='word_1_179' title='bbox 563 3529 618 3592; x_wconf 87' lang='lat' dir='ltr'>illc</span> <span class='ocrx_word' id='word_1_180' title='bbox 640 3527 789 3594; x_wconf 79' lang='lat' dir='ltr'>Scholam</span> <span class='ocrx_word' id='word_1_181' title='bbox 813 3527 956 3592; x_wconf 89' lang='lat' dir='ltr'>oratione</span> <span class='ocrx_word' id='word_1_182' title='bbox 980 3529 1190 3612; x_wconf 84' lang='lat' dir='ltr'>inauguratus</span> <span class='ocrx_word' id='word_1_183' title='bbox 1215 3531 1271 3590; x_wconf 88' lang='lat' dir='ltr'>est.</span> <span class='ocrx_word' id='word_1_184' title='bbox 1320 3526 1513 3592; x_wconf 83' lang='lat' dir='ltr'>Guilielmus</span> 
     </span>
    </p>
   </div>
   <div class='ocr_carea' id='block_1_5' title="bbox 399 3647 1512 3749">
    <p class='ocr_par' dir='ltr' id='par_1_5' title="bbox 399 3647 1512 3749">
     <span class='ocr_line' id='line_1_26' title="bbox 399 3647 1512 3749; baseline -0.002 -35"><span class='ocrx_word' id='word_1_185' title='bbox 399 3652 524 3736; x_wconf 84' lang='lat' dir='ltr'>praeter</span> <span class='ocrx_word' id='word_1_186' title='bbox 546 3650 696 3714; x_wconf 88' lang='lat' dir='ltr'>Rivetum</span> <span class='ocrx_word' id='word_1_187' title='bbox 720 3651 957 3734; x_wconf 87' lang='lat' dir='ltr'>praeceptorem</span> <span class='ocrx_word' id='word_1_188' title='bbox 980 3649 1095 3713; x_wconf 89' lang='lat' dir='ltr'>habuit</span> <span class='ocrx_word' id='word_1_189' title='bbox 1117 3647 1382 3749; x_wconf 84' lang='lat' dir='ltr'>Hildersichium,</span> <span class='ocrx_word' id='word_1_190' title='bbox 1407 3670 1428 3711; x_wconf 90' lang='lat' dir='ltr'>a</span> <span class='ocrx_word' id='word_1_191' title='bbox 1448 3670 1512 3732; x_wconf 92' lang='lat' dir='ltr'>quo</span> 
     </span>
    </p>
   </div>
   <div class='ocr_carea' id='block_1_6' title="bbox 359 3768 1513 4335">
    <p class='ocr_par' dir='ltr' id='par_1_6' title="bbox 359 3768 1513 4335">
     <span class='ocr_line' id='line_1_27' title="bbox 399 3768 1513 3856; baseline -0.003 -21"><span class='ocrx_word' id='word_1_192' title='bbox 399 3771 545 3856; x_wconf 84' lang='lat' dir='ltr'>linguas,</span> <span class='ocrx_word' id='word_1_193' title='bbox 578 3771 726 3835; x_wconf 88' lang='lat' dir='ltr'>Latinam</span> <span class='ocrx_word' id='word_1_194' title='bbox 756 3768 922 3854; x_wconf 90' lang='lat' dir='ltr'>inprimis,</span> <span class='ocrx_word' id='word_1_195' title='bbox 947 3769 1088 3852; x_wconf 87' lang='lat' dir='ltr'>aliasque</span> <span class='ocrx_word' id='word_1_196' title='bbox 1112 3769 1272 3832; x_wconf 87' lang='lat' dir='ltr'>doctrinas</span> <span class='ocrx_word' id='word_1_197' title='bbox 1296 3768 1426 3844; x_wconf 72' lang='lat' dir='ltr'>didicit,</span> <span class='ocrx_word' id='word_1_198' title='bbox 1452 3768 1513 3832; x_wconf 93' lang='lat' dir='ltr'>ho·</span> 
     </span>
     <span class='ocr_line' id='line_1_28' title="bbox 400 3889 1513 3974; baseline 0 -20"><span class='ocrx_word' id='word_1_199' title='bbox 400 3893 520 3955; x_wconf 90' lang='lat' dir='ltr'>minem</span> <span class='ocrx_word' id='word_1_200' title='bbox 552 3891 731 3967; x_wconf 88' lang='lat' dir='ltr'>eruditum,</span> <span class='ocrx_word' id='word_1_201' title='bbox 763 3893 848 3974; x_wconf 91' lang='lat' dir='ltr'>quod</span> <span class='ocrx_word' id='word_1_202' title='bbox 872 3890 984 3954; x_wconf 87' lang='lat' dir='ltr'>velex</span> <span class='ocrx_word' id='word_1_203' title='bbox 1008 3889 1141 3966; x_wconf 87' lang='lat' dir='ltr'>notitia,</span> <span class='ocrx_word' id='word_1_204' title='bbox 1166 3911 1246 3972; x_wconf 90' lang='lat' dir='ltr'>quac</span> <span class='ocrx_word' id='word_1_205' title='bbox 1270 3889 1454 3953; x_wconf 82' lang='lat' dir='ltr'>intersum</span> <span class='ocrx_word' id='word_1_206' title='bbox 1480 3893 1513 3954; x_wconf 89' lang='lat' dir='ltr'>ot</span> 
     </span>
     <span class='ocr_line' id='line_1_29' title="bbox 399 4007 1512 4093; baseline -0.002 -17"><span class='ocrx_word' id='word_1_207' title='bbox 399 4013 441 4077; x_wconf 90' lang='lat' dir='ltr'>N.</span> <span class='ocrx_word' id='word_1_208' title='bbox 474 4011 642 4075; x_wconf 89' lang='lat' dir='ltr'>Heinsium</span> <span class='ocrx_word' id='word_1_209' title='bbox 665 4013 697 4073; x_wconf 88' lang='lat' dir='ltr'>et</span> <span class='ocrx_word' id='word_1_210' title='bbox 719 4009 745 4073; x_wconf 95' lang='lat' dir='ltr'>I.</span> <span class='ocrx_word' id='word_1_211' title='bbox 769 4009 805 4073; x_wconf 84' lang='lat' dir='ltr'>F.</span> <span class='ocrx_word' id='word_1_212' title='bbox 831 4008 1028 4074; x_wconf 80' lang='lat' dir='ltr'>Gronovium</span> <span class='ocrx_word' id='word_1_213' title='bbox 1051 4009 1129 4086; x_wconf 89' lang='lat' dir='ltr'>fuit,</span> <span class='ocrx_word' id='word_1_214' title='bbox 1154 4009 1277 4093; x_wconf 88' lang='lat' dir='ltr'>opinor.</span> <span class='ocrx_word' id='word_1_215' title='bbox 1326 4007 1512 4074; x_wconf 78' lang='lat' dir='ltr'>Gronovius</span> 
     </span>
     <span class='ocr_line' id='line_1_30' title="bbox 359 4128 1511 4223; baseline -0.003 -25"><span class='ocrx_word' id='word_1_216' title='bbox 359 4218 361 4223; x_wconf 16' lang='lat'><strong>³</strong></span> <span class='ocrx_word' id='word_1_217' title='bbox 398 4133 508 4198; x_wconf 89' lang='lat' dir='ltr'>eodem</span> <span class='ocrx_word' id='word_1_218' title='bbox 538 4134 680 4214; x_wconf 88' lang='lat' dir='ltr'>tempore</span> <span class='ocrx_word' id='word_1_219' title='bbox 709 4130 822 4214; x_wconf 85' lang='lat' dir='ltr'>Hagae</span> <span class='ocrx_word' id='word_1_220' title='bbox 851 4129 1034 4205; x_wconf 88' lang='lat' dir='ltr'>habitabat,</span> <span class='ocrx_word' id='word_1_221' title='bbox 1067 4131 1220 4213; x_wconf 85' lang='lat' dir='ltr'>erantque</span> <span class='ocrx_word' id='word_1_222' title='bbox 1250 4128 1404 4193; x_wconf 84' lang='lat' dir='ltr'>viciniat</span> <span class='ocrx_word' id='word_1_223' title='bbox 1427 4152 1511 4194; x_wconf 93' lang='lat' dir='ltr'>con-</span> 
     </span>
     <span class='ocr_line' id='line_1_31' title="bbox 398 4233 1512 4335; baseline -0.003 -16"><span class='ocrx_word' id='word_1_224' title='bbox 398 4233 542 4319; x_wconf 76' lang='lat' dir='ltr'>victores.</span> <span class='ocrx_word' id='word_1_225' title='bbox 603 4251 789 4316; x_wconf 81' lang='lat' dir='ltr'>Guilielmus</span> <span class='ocrx_word' id='word_1_226' title='bbox 831 4249 1099 4327; x_wconf 89' lang='lat' dir='ltr'>Hildersichium,</span> <span class='ocrx_word' id='word_1_227' title='bbox 1141 4271 1334 4335; x_wconf 87' lang='lat' dir='ltr'>quamquam</span> <span class='ocrx_word' id='word_1_228' title='bbox 1374 4251 1512 4316; x_wconf 84' lang='lat' dir='ltr'>natione</span> 
     </span>
    </p>
   </div>
   <div class='ocr_carea' id='block_1_7' title="bbox 395 4438 562 4447">
    <p class='ocr_par' dir='ltr' id='par_1_7' title="bbox 395 4438 562 4447">
     <span class='ocr_line' id='line_1_32' title="bbox 395 4438 562 4447; baseline -0.006 0"><span class='ocrx_word' id='word_1_229' title='bbox 395 4438 562 4447; x_wconf 72' lang='lat'>——--</span> 
     </span>
    </p>
   </div>
   <div class='ocr_carea' id='block_1_8' title="bbox 432 4523 778 4590">
    <p class='ocr_par' dir='ltr' id='par_1_8' title="bbox 432 4523 778 4590">
     <span class='ocr_line' id='line_1_33' title="bbox 432 4523 778 4590; baseline -0.006 -16"><span class='ocrx_word' id='word_1_230' title='bbox 432 4525 529 4590; x_wconf 78' lang='lat' dir='ltr'>opiner)</span> <span class='ocrx_word' id='word_1_231' title='bbox 554 4525 597 4574; x_wconf 78' lang='lat' dir='ltr'>Ed.</span> <span class='ocrx_word' id='word_1_232' title='bbox 615 4539 652 4590; x_wconf 83' lang='lat' dir='ltr'>pr.</span> <span class='ocrx_word' id='word_1_233' title='bbox 670 4523 778 4588; x_wconf 74' lang='lat' dir='ltr'>suspicor.</span> 
     </span>
    </p>
   </div>
   <div class='ocr_carea' id='block_1_9' title="bbox 0 0 1686 5300">
    <p class='ocr_par' dir='ltr' id='par_1_9' title="bbox 0 0 1686 5300">
     <span class='ocr_line' id='line_1_34' title="bbox 0 0 1686 5300; baseline 0 1"><span class='ocrx_word' id='word_1_234' title='bbox 0 0 1686 5300; x_wconf 95' lang='lat' dir='ltr'> </span> 
     </span>
    </p>
   </div>
  </div>
 </body>
</html>
