3362 5300
359 545 420 610 101
857 565 965 614 omno

358 750 474 812 cuncta
503 748 700 833 adspectavit
729 747 874 833 Europa:
898 751 976 815 adeo
1001 753 1054 829 nt,
1080 750 1107 814 si
1128 750 1292 815 interdum
1314 772 1365 815 res
1388 773 1465 836 par-

357 889 413 933 vas
436 871 469 932 et
492 869 663 934 mediocres
686 891 816 934 narrare
838 871 964 948 ridear,
989 864 1209 954 prudentiores
1232 871 1292 935 sub
1314 871 1379 935 illis
1402 872 1464 935 111-

357 1010 454 1072 quam
477 993 510 1054 et
540 991 764 1056 reminiscendi
794 992 967 1056 utilitatem
998 996 1031 1058 11
1060 992 1223 1077 cogitandi
1245 1014 1373 1058 causam
1396 993 1464 1058 sint

358 1111 524 1194 reperturi.

401 1229 509 1314 Atque
539 1233 683 1297 omnium
713 1233 851 1318 primum
881 1233 1038 1318 sapientia
1069 1232 1270 1299 Guilielmil
1301 1237 1350 1298 est
1374 1255 1462 1298 com·

356 1356 576 1430 memoranda,
601 1354 689 1418 cuius
711 1374 771 1438 ego
793 1354 853 1418 riri
876 1354 997 1438 gloriae
1019 1354 1106 1419 haud
1129 1355 1232 1439 magis
1254 1355 1371 1418 addam
1391 1355 1462 1420 lau·

355 1473 479 1551 dando,
511 1494 607 1556 quam
634 1494 737 1557 nuper
760 1473 1005 1538 calumniatores
1028 1475 1157 1557 quidam
1181 1475 1389 1540 detraxerunt
1412 1477 1462 1542 vi-

355 1596 542 1678 tuperando.
589 1593 771 1679 Sapientiae
801 1596 980 1660 immortale
1011 1597 1231 1662 testimonium
1263 1601 1311 1661 est
1333 1596 1462 1663 Acade-

355 1717 437 1792 mia,
461 1715 591 1780 condita
613 1715 653 1780 iis
676 1716 843 1800 auspiciis,
869 1737 905 1780 ea
928 1717 964 1780 in
987 1717 1082 1795 urbe,
1108 1739 1144 1782 eo
1168 1721 1328 1802 tempore,
1353 1741 1390 1782 ea
1408 1741 1460 1784 ce-

353 1835 496 1916 leritate,
521 1842 558 1903 ut
580 1842 744 1922 tamquam
766 1838 923 1903 libertatis
943 1839 1137 1921 praesidium
1161 1839 1314 1903 divinitus
1335 1862 1352 1904 e
1371 1841 1459 1904 coelo

353 1958 482 2043 delapsa
512 1981 579 2024 esse
609 1960 762 2024 videatur.
809 1958 944 2023 Lovanii
974 1961 1007 2022 et
1039 1958 1140 2023 Duaci
1163 1960 1267 2023 omnis
1289 1959 1459 2045 discipline

352 2079 413 2144 elio
448 2080 657 2145 fundamento
689 2080 861 2144 nitebatur.
907 2078 1134 2144 Adolescentes
1165 2102 1280 2164 nempe
1309 2081 1459 2146 Pontifici

351 2200 496 2265 Romano
521 2206 554 2267 11
576 2204 645 2287 regi
662 2202 838 2287 Hispaniae
856 2222 965 2284 parere
985 2201 1224 2279 assuescebant,
1245 2222 1344 2285 quum
1363 2223 1457 2285 prae-

352 2322 461 2385 sertim
483 2324 548 2386 dux
570 2321 716 2387 Albanus
739 2321 986 2407 typographiam
1008 2320 1117 2385 ferreis
1140 2322 1276 2386 vinculis
1301 2323 1457 2386 1011111111-

352 2444 418 2520 111,
450 2465 547 2528 quae,
578 2443 631 2507 hic
661 2467 680 2508 a
711 2442 881 2508 Gnilielmo
913 2442 1032 2520 tracta,
1062 2441 1231 2527 Napoleon
1254 2445 1365 2506 nostre
1389 2465 1456 2507 1111-

352 2563 454 2627 moria
483 2564 615 2627 recudit.
662 2562 776 2626 Leidae
806 2584 890 2627 nova
919 2561 1118 2626 formabatur
1148 2566 1252 2642 aetas,
1276 2564 1400 2628 sincera
1423 2568 1457 2628 et

351 2683 478 2768 integra
509 2706 528 2747 1
557 2705 645 2748 more
673 2683 835 2767 Hispano,
867 2704 948 2765 quae
971 2683 1057 2747 focos
1081 2705 1187 2747 amare
1209 2687 1361 2768 paternos
1384 2684 1455 2749 ani-

351 2826 482 2888 mosque
504 2825 613 2888 gerere
634 2803 813 2869 Hollandos
836 2804 978 2868 disceret.

397 2924 585 2990 Guilielmus
619 2925 748 2990 beidam
782 2925 886 2989 missis
917 2945 1014 3007 quam
1044 2926 1183 3008 primum
1214 2925 1306 3004 filiis,
1337 2927 1457 2991 illustri

351 3048 495 3132 exemplo
525 3045 734 3123 monstrarit,
766 3046 879 3128 quanti
909 3046 950 3108 ad
972 3045 1098 3110 laudern
1126 3068 1255 3110 suorum
1279 3049 1312 3109 et
1334 3047 1456 3110 bonnm

350 3169 515 3254 publicum
537 3168 689 3232 interesse
711 3170 858 3252 putaret,
882 3151 920 3229 ut
937 3169 1062 3229 mature
1081 3166 1119 3230 iis
1139 3167 1340 3230 erudirentur
1359 3167 1455 3232 disci-

348 3289 462 3374 plinis,
495 3310 576 3372 quae
608 3288 811 3372 tyrannidem
835 3309 855 3349 a
876 3286 1060 3352 civitatibus
1084 3287 1278 3364 defendunt,
1304 3288 1379 3351 dum
1403 3289 1456 3352 in-

349 3413 435 3472 terea
469 3429 562 3492 saepe
591 3408 719 3472 dolebat
750 3410 869 3470 sortem
900 3406 1043 3491 Philippi
1073 3409 1140 3486 sui,
1171 3430 1285 3492 quem,
1320 3409 1456 3474 Lovanii

348 3605 543 3617 ...-—-—-—-

381 3710 513 3779 Auspiciis)
548 3711 591 3761 Ed.
612 3727 649 3777 pr.
673 3711 805 3768 institutio,
830 3727 877 3774 quo
899 3711 993 3761 nomine
1011 3712 1036 3760 111
1053 3713 1141 3761 Annot.
1161 3713 1325 3776 significantur
1343 3716 1456 3779 teperet

345 3797 461 3853 Stetute,
479 3811 539 3858 quae
556 3795 681 3853 dicuntur,
701 3793 851 3851 Academica,
868 3794 998 3858 prudenter
1013 3798 1037 3842 et
1055 3794 1186 3843 liberaliter
1203 3798 1339 3861 composite.

380 3880 416 3926 Ee
437 3879 463 3925 ia
486 3879 552 3942 erbe)
585 3878 627 3928 bd.
652 3893 687 3942 pr.
707 3877 732 3925 ia
748 3892 776 3924 ea
794 3877 857 3925 arbe.
892 3877 1026 3942 Respicitnr
1043 3877 1131 3925 misera
1149 3877 1226 3938 urbis,
1245 3881 1315 3928 modo
1333 3880 1455 3929 obsidione

346 3958 473 4009 liberatae.
492 3959 603 4008 conditio.
639 3959 707 4006 (loni.
725 3974 797 4022 supra
813 3975 836 4022 p.
856 3960 895 4006 68.

379 4043 415 4090 Ea
432 4041 563 4101 celeritate)
597 4041 729 4088 Consilium
747 4040 833 4089 111128
852 4039 972 4090 Decembr.
993 4056 1013 4089 a
1034 4039 1098 4091 1514
1117 4055 1130 4089 1
1148 4042 1277 4092 Guilielmo
1293 4047 1399 4109 captum,
1415 4045 1454 4094 die

345 4124 489 4176 4Januarii
508 4123 554 4174 157
558 4126 571 4171 5
589 4139 632 4187 per
649 4123 751 4170 Ordines
767 4123 856 4181 effecit,
876 4123 969 4184 iamque
987 4122 1024 4171 die
1042 4124 1057 4170 8
1076 4124 1199 4174 Februarii
1217 4127 1344 4176 Academia
1361 4131 1419 4176 erat.

381 4211 506 4272 Tamquam
524 4205 643 4255 libertatis
656 4205 811 4268 praesidium)
834 4205 876 4253 nd.
891 4219 927 4268 pr.
943 4204 1063 4253 libertatis
1080 4209 1201 4270 tamquam
1211 4209 1366 4272 praesidium.
1383 4209 1453 4257 Ceut.

346 4290 399 4338 Viri
417 4291 453 4338 cl.
470 4288 591 4339 Matthiae
607 4288 635 4335 de
653 4286 723 4335 Vries
743 4284 1453 4355 011110111111111111111131110-Β11110111111111111111-

343 4372 417 4430 sidio,
434 4372 516 4422 habita
532 4372 553 4421 d.
572 4371 588 4419 o
605 4369 742 4427 Februarii,
760 4368 832 4421 1874.

377 4459 476 4520 Iatepra
492 4474 507 4504 a
524 4463 597 4516 mere)
633 4453 661 4500 Id
677 4455 713 4500 est
723 4487 730 4508 ,
742 4453 823 4501 alara
840 4468 855 4498 a
872 4466 944 4506 mare,
964 4465 1044 4512 erpere
1061 4452 1137 4500 maris.
1157 4453 1200 4500 Ed.
1219 4469 1255 4517 pr.
1275 4453 1361 4518 absque
1385 4469 1452 4519 prae-

343 4538 474 4604 positione,
492 4552 554 4586 more
