3362 5296
556 574 700 629 conluuio
720 583 785 629 sem
805 583 961 633 rsumclu.

276 763 338 840 Qui
360 765 433 831 labe
455 767 610 832 intactam
633 769 735 853 possis
758 773 924 834 ostendere
947 771 1095 854 gentem,

363 886 407 951 Et
429 889 535 972 gentis
559 887 634 954 felix
656 889 761 955 vivere
784 911 891 955 amore
914 892 998 956 tuae.

275 1004 419 1086 Credite,
444 1031 524 1093 quos
545 1009 643 1074 falsae
665 1014 752 1075 recto
775 1014 814 1076 de
836 1011 965 1075 tramite
988 1032 1079 1076 voces

363 1127 404 1192 In
428 1131 496 1192 tam
518 1131 706 1214 praecipites
729 1131 863 1196 elicuere
886 1132 971 1196 vias:

266 1249 420 1318 Libertas
442 1250 502 1314 sub
524 1271 599 1334 rege
620 1252 673 1334 pio
695 1249 867 1317 laetissima
890 1251 991 1317 floret.

367 1369 433 1435 Vos
455 1370 574 1435 ludunt
596 1371 692 1436 variis
715 1393 833 1437 nomen
856 1376 888 1438 et
911 1372 1025 1436 umbra
1048 1372 1139 1437 dolis.

274 1489 375 1567 Quam
398 1491 508 1575 petitis
530 1513 580 1556 res
603 1493 742 1557 estsine
765 1514 906 1578 corpore.
952 1493 1029 1558 Dira
1056 1493 1222 1577 tyrannis,

363 1610 446 1676 Vilis
470 1612 634 1690 avarities,
659 1613 854 1698 ambitioque
875 1614 989 1678 latent.

275 1731 424 1816 Decepti,
450 1731 630 1797 Hellandas
653 1732 762 1798 oculos
784 1734 961 1799 convertite
983 1734 1019 1797 in
1042 1755 1130 1811 oras,

365 1851 433 1928 Qua
455 1853 536 1918 silva
558 1852 734 1939 Haganum
757 1855 861 1920 reddit
884 1876 984 1939 opaca
1006 1876 1130 1922 nemus.

273 1973 313 2038 In
337 1974 433 2038 turba
454 1974 576 2039 incedit
598 1975 676 2039 civis
698 1975 755 2059 qui
778 1975 921 2060 simplice
944 1976 1048 2052 cultu,

361 2093 421 2159 Est
443 2117 516 2172 rex,
540 2093 704 2161 Nassaviis
728 2096 971 2180 conspiciendus
994 2095 1070 2160 avis.

271 2215 348 2282 Non
370 2217 454 2282 latus
476 2219 598 2281 armato
622 2217 724 2302 cingit
748 2220 894 2295 custode,
918 2239 976 2282 nec
999 2217 1073 2280 altis

341 2336 469 2402 Munita
491 2337 583 2402 fossis
607 2337 697 2403 abdit
717 2338 753 2402 in
777 2360 847 2402 arce
870 2342 976 2422 caput.

273 2457 320 2524 Ut
343 2460 467 2543 patrem
488 2459 524 2523 in
547 2459 659 2524 mediis
681 2459 876 2543 gaudentem
900 2460 1006 2524 vivere
1029 2459 1131 2536 netis,

362 2577 527 2644 Hollanda
549 2580 691 2664 sequitur
713 2602 786 2658 cum
808 2580 928 2664 pietate
946 2580 1033 2645 fides.

271 2699 407 2767 Attalici
430 2702 558 2786 poteret
579 2700 706 2785 prodire
729 2723 746 2765 e
768 2701 880 2765 limine
902 2701 996 2776 tecti,
1100 2673 1102 2678 Ι

364 2822 466 2907 Inque
489 2843 565 2887 auro
589 2825 622 2886 et
645 2822 777 2906 gemmis
800 2820 960 2885 luxuriare
983 2821 1057 2885 suis.

271 2943 373 3010 Soleri
395 2945 431 3008 at
451 2943 595 3022 miseros,
619 2947 748 3008 nostrae
768 2942 902 3026 vigilare
920 2942 1033 3018 saluti,

363 3065 435 3130 Hoc
458 3085 552 3141 aurc,
575 3065 638 3129 hoc
660 3063 793 3148 gemmis
817 3061 981 3148 pulchrius
1004 3084 1070 3126 esse
1092 3064 1196 3146 putat.

272 3185 433 3252 Dilectum
457 3186 576 3250 multos
598 3187 696 3270 caput
719 3206 738 3249 ο
762 3185 904 3249 servetur
925 3183 961 3246 in
984 3185 1104 3248 annos!

364 3306 446 3372 Vive
470 3308 525 3372 diu
549 3307 659 3385 nobis,
683 3329 739 3371 rex
761 3306 861 3383 bone,
890 3305 961 3370 vive
984 3305 1056 3369 diu!

272 3427 324 3494 Sic
348 3428 496 3493 veniente
519 3427 587 3505 die,
612 3428 657 3493 sic
679 3427 868 3504 decedente,
892 3447 1069 3511 precamur.

361 3547 436 3614 Hoc
459 3549 551 3613 taciti
575 3551 745 3632 exoptant,
769 3548 831 3612 hoc
855 3547 915 3612 sibi
938 3547 1070 3632 quisque
1093 3545 1211 3630 palam.

273 3668 442 3754 Verbaque
465 3670 618 3734 adulandi
641 3690 708 3734 non
730 3669 880 3753 exprimit
902 3668 958 3733 illa
980 3666 1098 3745 libido,

365 3790 429 3856 Sed
452 3792 490 3856 de
514 3791 638 3857 sincero
661 3793 789 3876 pectore
812 3792 908 3854 natus
932 3810 1030 3853 amor.

272 3910 333 3986 Qui
358 3911 513 3996 populum
538 3914 571 3976 et
593 3933 701 3997 regem
725 3913 770 3976 sic
792 3911 916 3996 iungit,
940 3914 977 3974 ut
1000 3909 1149 3975 omnibus
1171 3931 1237 3974 una

365 4030 483 4097 Vivere
506 4055 565 4116 pro
589 4033 694 4117 patria
717 4055 808 4098 mens
833 4033 888 4109 sit,
914 4034 946 4096 et
969 4055 1034 4096 una
1057 4033 1149 4097 mori.

272 4153 449 4238 Pugnandi
472 4153 559 4218 haud
583 4154 692 4219 veniat
713 4152 823 4238 Belgis
845 4175 963 4218 vesana
986 4152 1104 4228 libide,

364 4273 607 4360 Hollandosque
630 4275 708 4338 satis
732 4274 775 4338 sit
797 4273 943 4338 didicisse
966 4272 1071 4338 semel.

270 4394 362 4461 Bella
380 4417 494 4460 manus
511 4396 667 4479 poscunt,
686 4416 753 4460 non
770 4394 868 4458 verba
884 4393 1052 4457 tumentia.
1076 4391 1129 4458 Ad
1146 4415 1257 4459 auram

362 4512 425 4580 Oor
450 4516 549 4580 micat
571 4515 714 4600 ignavis,
737 4515 850 4598 lingua
871 4514 962 4578 virile
985 4514 1089 4582 sonat.
