3362 5300
577 561 616 604 nn
637 561 762 605 1osnouo
782 562 954 608 1111111111.
1281 547 1321 609 97

212 741 417 818 Mauritium,
450 741 619 806 Mauritius
648 767 720 808 eum
751 748 792 809 ad
824 767 955 811 coenam
978 747 1167 825 adhibebat,
1192 751 1319 811 etcum

211 863 342 928 sedente
376 862 417 925 ad
451 884 545 926 suum
580 863 664 927 latus
699 865 801 929 multa
836 866 1036 932 familiariter
1069 863 1317 952 colloquebatur.

211 985 282 1048 Iam
309 982 519 1047 amicissimus
545 982 617 1047 lani
647 984 790 1060 Dousae,
821 990 854 1050 et
883 987 1064 1072 principum
1095 989 1130 1051 in
1155 988 1319 1072 republica

211 1105 371 1180 virorum,
403 1104 541 1168 multum
571 1107 613 1168 ad
636 1106 789 1170 creandos
812 1107 1009 1172 Professores
1031 1108 1175 1185 valebat,
1198 1109 1234 1172 in
1257 1130 1321 1192 qua

211 1246 245 1288 re
276 1225 371 1287 unice
400 1225 526 1287 laudem
559 1223 749 1290 Academiae
778 1227 959 1312 spectabat,
984 1230 1017 1290 et
1040 1227 1247 1291 ambitionem
1270 1229 1320 1293 fa-

211 1344 372 1409 miliarum
402 1345 599 1428 iniquissime
622 1345 752 1410 ferebat.
800 1346 862 1412 Sed
884 1349 939 1431 qui
961 1348 1069 1412 literas
1093 1348 1263 1426 amabant,
1288 1352 1321 1413 et

211 1469 250 1532 de
281 1466 436 1532 doctrinis
466 1466 606 1531 iudicare
636 1470 803 1551 poterant,
832 1469 867 1532 hi
889 1468 1085 1554 Scaligerum
1109 1472 1221 1533 sancta
1243 1491 1319 1554 pro·

213 1588 385 1672 pemodum
426 1587 630 1652 veneratione
670 1588 954 1672 prosequebantur.
1011 1588 1237 1655 Adulescentes
1271 1591 1320 1654 di-

213 1709 321 1774 scendi
345 1708 494 1792 cupidos,
519 1729 654 1791 quorum
674 1708 913 1772 multitudinem
936 1709 971 1772 in
990 1708 1164 1773 Hollandia
1183 1712 1319 1775 111111-

213 1833 342 1915 gentem
374 1829 571 1906 laetabatur,
601 1828 744 1906 Dousas,
777 1829 963 1906 Heinsium,
998 1830 1223 1914 Rutgersium,
1256 1830 1319 1896 Ou-

214 1973 349 2027 naeum,
370 1947 535 2027 Grotium,
556 1950 652 2026 alios,
673 1950 772 2014 amice
789 1950 974 2034 excipiebat.
998 1948 1111 2032 Neque
1127 1950 1175 2014 illi
1193 1952 1321 2014 tantum

217 2072 411 2157 Scaligeram
435 2074 581 2148 domum,
606 2072 697 2154 quasi
720 2071 881 2134 oraculum
904 2071 1078 2154 quoddam,
1101 2070 1320 2149 celebrabant,

216 2195 271 2258 sed
302 2194 364 2258 viri
393 2193 490 2256 etiam
520 2195 552 2256 et
575 2213 665 2255 senes
689 2192 925 2274 etquicunque
948 2192 1066 2276 aliquid
1089 2191 1169 2256 scire
1191 2191 1319 2256 vellent.

215 2314 276 2380 His
307 2314 388 2378 adde
411 2313 597 2397 peregrinos
620 2334 660 2377 ex
681 2312 830 2377 omnibus
853 2312 1000 2398 Europae
1021 2313 1184 2398 partibus,
1212 2335 1322 2378 rarum

216 2437 285 2500 sine
308 2435 443 2520 epistola
466 2434 566 2511 diem,
594 2436 627 2497 et
649 2433 864 2518 intelligemus
887 2435 1010 2499 nullam
1032 2436 1069 2499 in
1091 2436 1169 2500 urbe
1192 2438 1322 2499 domum

217 2557 319 2621 maius
347 2555 420 2619 urbi
449 2555 545 2619 fuisse
577 2557 817 2632 ornamentum,
842 2577 938 2639 quam
962 2555 1163 2641 Scaligeram.
1210 2554 1323 2640 Neque

218 2699 292 2743 vero
320 2680 431 2741 tantus
448 2676 503 2740 'vir
520 2675 645 2739 trustra
667 2674 854 2739 hebebatur.
902 2674 1062 2761 Quidquid
1087 2677 1321 2753 consuleretur,

215 2798 265 2863 111
300 2798 411 2862 statim
444 2798 495 2862 vel
528 2796 617 2860 brevi
652 2798 727 2879 post
761 2796 983 2879 respondebat.
1030 2795 1120 2872 Quod
1153 2800 1191 2860 ut
1219 2797 1322 2861 facere

214 2919 335 3004 posset,
369 2920 555 2983 consecutus
579 2918 649 2979 erat
670 2916 837 3000 diligentia
862 2918 895 2980 et
916 2917 1059 2980 omnium
1083 2917 1321 3002 disciplinarum

214 3040 330 3104 studio.
362 3038 443 3102 Eam
466 3037 605 3102 habebat
628 3036 813 3100 memoriam
837 3025 874 3099 ut
892 3059 922 3100 v.
943 3058 969 3100 1.
988 3038 1153 3122 octoginta
1170 3037 1321 3117 disticha,

214 3162 310 3225 semel
345 3160 446 3237 lecta,
481 3158 591 3222 statim
626 3156 810 3221 memoriter
843 3157 1000 3222 recitaret.
1048 3156 1166 3222 Omnes
1195 3159 1323 3244 linguas

213 3281 282 3344 sine
303 3279 520 3346 Grammatico
543 3282 576 3344 et
594 3278 709 3344 Lexioo
726 3278 881 3356 discebat,
901 3276 1081 3364 Analogiae
1097 3280 1324 3346 vocabulorum

248 3520 353 3568 Multum
376 3521 410 3568 ad
425 3521 537 3569 creandos
557 3523 720 3585 Prosescrores
741 3519 844 3578 valebat)
879 3519 934 3583 ipse
951 3517 1100 3581 gloriabatur
1115 3533 1158 3566 sua
1174 3518 1325 3582 potissimum

212 3601 416 3652 commendatione
433 3605 524 3650 creatos
540 3602 612 3650 luisse
629 3602 773 3659 Heinsium,
790 3599 1241 3658 Β11111111,11111111111,1111111111.
1260 3602 1324 3650 Bux-

212 3685 314 3734 tortium
330 3699 424 3747 quoque
442 3683 530 3732 voluit:
550 3701 572 3732 1.
591 3684 666 3749 Epist.
687 3683 776 3732 Cuuaei
793 3701 816 3748 p.
838 3684 898 3742 141,
917 3682 972 3729 148.
991 3683 1096 3729 Dousum
1112 3679 1186 3728 libere
1203 3681 1324 3731 interdum

212 3766 336 3826 monebat,
355 3767 430 3831 Epist.
449 3782 472 3830 p.
492 3767 548 3815 131.
1015 3813 1017 3817 ,

247 3849 283 3898 Hi
299 3849 444 3912 Scaliperum
460 3852 544 3896 cenete
554 3887 559 3896 .
570 3885 591 3897 ..
609 3848 757 3897 retieretrene
773 3843 984 3910 prosequebantur)
1011 3844 1059 3909 Qui
1074 3843 1148 3893 nimio
1163 3860 1231 3909 saepe
1244 3845 1323 3894 studio

213 3931 342 3980 utebantur
359 3930 382 3978 in
401 3928 509 3979 omnibus
526 3930 631 3994 edendis,
649 3945 709 3994 quae
728 3931 797 3977 erant
814 3927 934 3992 Scaligeri.

248 4013 327 4078 Alter)
363 4014 418 4061 Ger.
438 4013 473 4060 Io.
492 4012 589 4061 Vossius
606 4013 704 4060 Laidem
721 4011 786 4060 veuit
804 4027 823 4059 1.
845 4011 922 4068 1595,
941 4011 968 4058 11
985 4008 1139 4072 'l'heologiem
1156 4008 1266 4069 disceret,
1287 4026 1325 4062 re.

212 4099 294 4160 ceptus
316 4095 342 4144 iu
366 4095 500 4158 Collegium
522 4095 697 4158 Theologicum.
734 4095 783 4143 Cur
804 4092 951 4156 scaligerum
974 4107 1022 4141 non
1044 4090 1157 4149 coluerit,
1176 4106 1272 4140 1111111111
1289 4095 1324 4141 11-

211 4180 271 4230 tulit
285 4180 371 4227 Herm.
387 4177 478 4226 Tollius
495 4179 562 4226 Orat.
578 4179 607 4226 de
622 4176 991 4241 111111111111111(1111111111).
1004 4175 1043 4222 50.
1062 4173 1197 4231 DeCraue,
1208 4173 1323 4222 0111111.

211 4280 235 4328 p.
256 4263 286 4310 11
304 4263 385 4311 minus
402 4264 466 4310 11111
483 4259 541 4310 dicit
562 4276 619 4309 1111
637 4259 736 4308 Vossius
756 4258 903 4320 Scaligerum
918 4272 965 4304 noa
981 4254 1124 4304 audiverit.”
1159 4254 1277 4317 Scaliger,
1296 4258 1324 4304 ut

211 4345 328 4403 vidimus,
352 4355 400 4393 non
422 4343 522 4392 habebat
545 4342 643 4391 scholas.
678 4340 783 4405 Scaliger
805 4355 880 4388 unum
902 4339 973 4387 modo
995 4339 1074 4387 Vossii
1095 4337 1197 4394 librum,
1221 4337 1325 4388 laten.

211 4427 435 4485 temeratores,
454 4426 527 4485 vidit,
545 4425 674 4474 1111111111.
696 4423 773 4482 1605,
795 4437 895 4485 eumque
912 4420 981 4470 valde
998 4420 1110 4470 laudavit.
1146 4419 1248 4483 Reliqua
1266 4419 1325 4468 Vos·

209 4510 261 4559 sius
279 4511 353 4559 edidit
370 4513 467 4558 mortuo
484 4509 532 4557 iem
550 4507 677 4571 Scaligerc.

1146 4595 1161 4648 1
