3362 5296
374 567 433 628 146
715 583 823 627 caurio
847 583 885 626 ua
906 582 1029 626 vaurum
1049 581 1199 628 auresue.

374 787 485 831 omues
516 787 588 830 vere
619 765 816 829 Neerlaudcs
844 767 876 827 et
899 765 1068 848 praecipue
1089 765 1175 848 ipsos
1198 763 1387 830 Academiae
1410 767 1482 830 alu-

374 909 466 950 mnos
498 886 601 950 valere
633 886 755 950 debeat.
803 884 876 949 Feci
908 887 1025 970 igitur,
1057 886 1142 968 qued
1172 886 1313 969 hospites
1336 886 1481 966 faciunt,

374 1009 430 1092 qui
452 1008 598 1071 laudatos
622 1010 655 1070 et
677 1011 797 1071 veteres
821 1007 937 1070 amieos
960 1007 1046 1069 bono
1066 1007 1158 1070 vultu
1175 1010 1207 1070 et
1227 1008 1394 1071 voluntate
1413 1031 1482 1072 ucn

373 1129 470 1192 inerti
504 1128 675 1212 accipiunt.
723 1127 846 1192 Vocari
881 1128 915 1190 in
953 1128 1084 1204 aedem,
1119 1149 1183 1210 qua
1216 1127 1307 1192 vobis
1341 1129 1378 1192 in
1410 1132 1483 1193 tota

374 1249 470 1327 urbe,
498 1249 563 1313 imo
593 1248 801 1324 Ncerlandia‚
836 1247 904 1311 dari
934 1251 1062 1330 poterat
1089 1247 1347 1331 magnificentior
1370 1249 1479 1326 nulla,

374 1373 469 1452 atque
508 1368 589 1432 illud
631 1371 754 1432 vestrae
796 1367 924 1450 pietatis
960 1370 1204 1431 monumentum
1239 1369 1387 1450 reposui,
1424 1370 1481 1434 ubi

375 1493 407 1554 ct
438 1490 612 1573 plurimum
643 1489 824 1553 ornamenti
855 1488 1029 1572 acciperet,
1061 1509 1166 1572 neque
1196 1488 1347 1572 exiguum
1374 1489 1482 1573 ipsum

298 1670 301 1675 .
375 1613 515 1674 adderet.

422 1731 513 1796 Anni
535 1730 630 1793 hodie
651 1730 716 1794 fere
739 1732 816 1793 sunt
839 1751 969 1807 novem,
994 1751 1117 1814 exque
1140 1730 1292 1794 vexillum
1315 1731 1396 1795 illud
1408 1753 1480 1796 sue-

372 1853 501 1917 tulistia.
548 1852 695 1929 Revera,
727 1852 852 1933 praeter
881 1850 1160 1927 Becekmauuum‚
1190 1851 1245 1934 qui
1267 1851 1394 1917 fortiter
1415 1875 1479 1936 pu-

372 1977 503 2058 gnando
538 1975 623 2056 apud
656 1971 852 2054 Behringam
888 1970 1017 2048 cecidit,
1047 1971 1218 2055 paucisque
1249 1972 1390 2049 amicale,
1422 1975 1480 2057 qui

373 2094 424 2159 vel
453 2094 616 2159 laboribus
647 2092 784 2157 confecti
813 2113 945 2177 peregre
976 2093 1026 2156 vel
1056 2092 1144 2156 brevi
1175 2095 1248 2175 pest
1279 2092 1364 2156 demi
1386 2115 1481 2158 auum

374 2215 457 2278 diem
488 2214 653 2292 obierunt,
685 2215 851 2278 literarum
885 2214 990 2278 studia
1023 2205 1224 2296 repetivistia
1271 2213 1391 2278 Rerum
1425 2215 1480 2278 in-

374 2337 460 2399 terea
479 2335 652 2398 multarum
671 2334 766 2399 facies
799 2338 847 2399 est
870 2338 1013 2412 mutata,
1038 2356 1097 2398 nec
1119 2335 1268 2418 deinceps
1290 2335 1409 2398 mutari
1422 2336 1480 2400 de-

372 2456 464 2520 sinet.
512 2455 697 2539 Reliquistis
727 2454 951 2533 Academiam,
984 2456 1064 2520 alter
1094 2455 1187 2520 alteri
1218 2456 1342 2519 muneri
1368 2457 1403 2521 iu
1427 2480 1479 2522 re-

372 2575 501 2662 publica
532 2576 748 2659 praepositus,
784 2577 865 2640 alter
900 2577 1025 2659 privata
1056 2581 1163 2654 curat,
1195 2577 1255 2640 viri
1284 2578 1376 2655 estis,
1410 2599 1481 2642 non

371 2698 465 2781 pauci
486 2697 582 2763 etiam
606 2701 712 2780 patres
735 2695 881 2762 familias.

416 2819 468 2882 Ita
498 2819 651 2883 nimirum
684 2841 750 2882 sese
780 2818 902 2881 habent
931 2820 1046 2882 cuneta
1069 2818 1226 2882 mortalia.
1274 2818 1395 2884 Stabile
1420 2824 1480 2884 aut

372 2945 561 3027 perpetuum
597 2941 716 3004 frustra
750 2940 938 3023 quaerimua
1001 2939 1111 3004 Unum
1144 2944 1252 3004 tamen
1287 2941 1407 3024 aliquid
1442 2942 1479 3006 in

372 3062 566 3128 Neerlandia
589 3065 621 3126 et
641 3062 678 3124 in
700 3061 760 3126 hac
784 3061 853 3144 ipsa
876 3059 1048 3125 Academia
1071 3065 1136 3139 est,
1161 3063 1245 3146 quod
1268 3084 1370 3146 neque
1393 3065 1478 3125 tem-

372 3184 457 3268 poris
497 3184 691 3248 diuturnitas
734 3203 837 3266 neque
872 3182 1038 3246 hominum
1073 3183 1181 3266 opinio
1216 3183 1353 3247 delebit:
1389 3186 1479 3267 quod

372 3305 455 3368 vires
483 3305 524 3367 ab
548 3304 641 3367 aunis
665 3303 867 3367 volventibus
890 3304 1044 3387 acquirit,
1069 3307 1154 3387 quod
1179 3307 1341 3368 aeternum
1364 3326 1479 3369 mane-

372 3425 440 3490 bit:
477 3425 584 3489 omnia
619 3423 704 3487 enim
738 3425 916 3500 mutentur,
952 3445 1075 3487 summa
1110 3425 1229 3488 infimis
1262 3425 1478 3490 misceantur:

373 3546 514 3611 studium
538 3545 658 3630 gloriae
681 3543 837 3607 maiorum
860 3545 968 3607 sancte
992 3545 1226 3608 conservandae
1249 3547 1281 3608 et
1304 3567 1393 3609 amer
1416 3546 1480 3611 Dei

374 3671 406 3732 et
428 3667 568 3751 patriae,
602 3685 685 3728 novo
709 3664 770 3728 hee
793 3667 825 3727 et
848 3663 966 3727 illustri
989 3664 1133 3748 exemplo
1156 3667 1375 3742 consecratus,
1401 3667 1481 3730 nul·

373 3788 412 3852 lis
434 3787 612 3851 mutabitur
637 3785 778 3850 saeculie.

747 3977 751 3992 '
861 3993 999 4060 arur.

846 4309 1040 4320 Μ
