3362 5296
502 559 541 620 ns
560 559 745 624 eurinome
764 557 907 621 inmensi.
1197 536 1258 616 1⁴53

242 755 350 823 Anxie
373 779 432 823 neo
466 759 632 843 disquirit,
656 762 766 825 utrum
788 759 832 823 sit
854 758 931 824 eivis
954 779 997 822 on
1018 758 1142 841 hospes.

237 877 305 946 Vos
328 883 438 946 tomen
460 880 625 965 inprimis,
650 883 760 946 eudem
783 901 862 966 quos
885 879 1007 966 patrio,
1031 879 1133 954 cives,

246 998 385 1078 Eduxit,
410 1004 521 1066 testor.
568 1000 653 1068 Setis
671 1005 738 1080 est,
762 1023 819 1068 vos
842 1001 952 1067 invide
974 999 1043 1065 feta

242 1119 404 1186 Innocuos
426 1143 568 1206 premere
590 1125 623 1187 et
646 1126 798 1188 eonontes
821 1122 959 1207 plurime
982 1119 1111 1185 frustra.

243 1241 373 1326 Tuque,
397 1245 453 1307 sed
473 1264 492 1308 ο
516 1243 641 1308 utinam
665 1246 697 1308 te
720 1243 826 1329 patrio
847 1245 929 1308 teste
951 1242 1090 1307 eereret!

244 1362 295 1427 Tu
323 1384 450 1448 quoque
479 1363 570 1429 testis
601 1363 678 1443 eris,
710 1365 824 1430 misere
853 1384 1001 1450 pereussa
1030 1362 1124 1427 ruine

245 1482 457 1568 Lugdunum,
475 1483 719 1571 Hollundoeque
735 1485 917 1571 exemplum
935 1482 1044 1550 nobile
1063 1481 1189 1548 mentis.

245 1603 495 1689 thuumquem
506 1604 748 1670 hnudhomines
760 1605 940 1672 miserande
951 1610 1058 1690 strage
1068 1605 1226 1689 peremto

246 1725 355 1790 Patria
378 1725 418 1789 eb
441 1723 575 1790 infernis
598 1727 706 1810 potuit
726 1747 874 1794 reuocare
897 1726 1054 1804 tenebris,

246 1846 312 1925 Tu,
337 1846 427 1911 velut
448 1845 588 1932 Assyriis
611 1848 667 1932 qui
690 1847 770 1913 vivit
794 1848 945 1913 odoribus
968 1847 1033 1912 eles

245 1966 385 2045 Unicus,
410 1989 449 2032 ex
472 1967 576 2032 oinere
600 1971 633 2033 et
654 1967 784 2033 flemme
802 1988 895 2054 mage
914 1969 999 2034 laete
1019 1988 1173 2053 resurges.

246 2087 296 2152 Tu
318 2087 429 2172 populi
452 2088 552 2154 stabis
574 2093 818 2154 monumentum
841 2089 968 2174 insigne
991 2088 1124 2169 Batavi,

247 2208 396 2274 Nobilius
419 2210 520 2295 pertis
544 2210 685 2276 humone
708 2214 802 2278 eeede
825 2211 1006 2296 triumphis.

292 2328 399 2394 Macte
421 2329 485 2395 iste
506 2330 643 2410 virtute,
669 2354 687 2397 o
709 2332 832 2418 patrie,
856 2354 953 2416 quam
972 2331 1034 2395 tibi
1053 2331 1173 2396 frustra

254 2449 379 2515 Tollere
403 2449 557 2516 flebilium
580 2473 687 2518 rerum
710 2455 759 2518 est
781 2472 931 2538 eggressu
953 2451 1104 2537 procella.

249 2571 337 2637 Haeo
359 2575 391 2636 te
414 2573 557 2658 pleoobit
578 2574 683 2652 eoelo,
706 2574 786 2640 haee
808 2574 869 2639 tibi
891 2573 1042 2642 Numinis
1062 2574 1143 2638 irem

250 2694 320 2761 Ab!
351 2695 469 2760 iustum
492 2695 588 2760 nimis
610 2695 647 2760 in
668 2696 808 2780 priseum
831 2697 997 2760 convertet
1019 2716 1169 2761 umorem.

248 2818 318 2884 Iem
342 2822 464 2884 veteres
487 2822 610 2905 repetet
632 2819 802 2886 coneordie
825 2823 937 2886 saneta
959 2820 1113 2897 Penates,

249 2939 378 3005 Laetior
399 2942 432 3004 et
454 2961 560 3005 seeros
583 2941 714 3006 audebit
736 2941 848 3006 tollere
870 2941 979 3007 vultus

249 3060 395 3146 Religio,
420 3047 585 3146 pietasque
608 3082 692 3127 novo
716 3062 870 3146 gaudebit
890 3061 1023 3128 honore.
1049 3099 1088 3108 -

251 3181 390 3266 Tempus
414 3183 492 3260 erit,
516 3204 627 3268 paoem
651 3182 773 3248 dederit
794 3204 895 3267 quum
917 3181 1074 3247 maximus
1097 3179 1167 3244 orbi

250 3301 438 3388 Nepoleon,
463 3307 592 3389 quondo
615 3307 704 3369 tutae
727 3303 817 3370 velut
840 3307 916 3369 ente
939 3303 1067 3368 oarinee

251 3423 332 3492 Vela
356 3426 497 3504 debunt,
517 3429 550 3492 et
571 3447 636 3512 que
653 3425 795 3490 nitidum
813 3429 909 3511 eaput
928 3425 1044 3490 exserit
1063 3422 1176 3500 undis,

258 3544 301 3610 Iit
323 3569 386 3631 qua
408 3547 504 3612 solvit
528 3554 644 3632 equum
667 3547 765 3612 'litun
789 3545 972 3632 spumantia
996 3544 1097 3610 frena.

496 3965 538 4035 V.
595 3967 702 4033 Virtus
726 3968 839 4056 optimi
860 3967 942 4033 oium.

256 4152 316 4230 Qui
339 4151 477 4239 petriam
499 4150 618 4217 teneris
641 4148 767 4214 duloem
788 4148 853 4212 iem
877 4147 985 4232 diligit
1008 4147 1119 4224 annis,

257 4273 481 4358 Virtutemque
512 4271 611 4337 animi
633 4270 709 4334 huie
732 4270 833 4334 donet
854 4269 1016 4352 roburque
1039 4268 1158 4346 virilis,

257 4394 364 4480 Atque
387 4395 484 4458 etiam
508 4392 678 4477 exemplis,
702 4413 784 4455 eene
806 4390 955 4455 veniente
980 4391 1124 4467 seneote,

261 4514 458 4580 Inflammeri
480 4515 590 4581 eodem
613 4535 670 4578 sua
692 4514 821 4595 pectora
844 4514 1004 4575 monstrat
1026 4531 1148 4588 amore,
