3362 5296
415 557 476 633 l5l
688 583 822 631 canuno
842 585 881 630 nn
901 577 1086 630 orrannum
1107 584 1251 631 somnust.

482 770 568 836 Huic
591 793 695 854 neque
717 773 810 855 graba
833 771 938 854 quies,
962 791 1021 834 neo
1045 791 1134 834 mens
1154 770 1214 834 sibi
1236 769 1362 834 conscia
1383 769 1478 847 recti,

483 891 551 957 Nec
580 894 696 956 desunt
717 892 833 956 virides
857 892 984 956 oblabae
1007 913 1026 955 a
1048 891 1118 956 cive
1141 913 1295 968 coronae,

485 1011 570 1088 Quas
595 1035 684 1077 amor
706 1013 845 1097 imponit
869 1013 970 1077 niveis
993 1013 1158 1097 pictasque
1182 1013 1317 1097 capillis.

485 1132 599 1212 Hunc,
623 1136 752 1218 quando
777 1136 908 1197 aeterna
930 1132 1124 1197 claudunlur
1146 1133 1268 1196 lumina
1291 1136 1405 1208 nocte,

483 1254 527 1319 Ec
546 1255 704 1339 lacrymae
724 1258 914 1319 cunctorum
933 1258 966 1318 eb
985 1255 1122 1318 candida
1137 1256 1212 1318 vota
1233 1257 1416 1337 sequentur.
1437 1292 1476 1301 —

446 1401 447 1406 ¹
483 1374 575 1440 Illius
597 1376 638 1440 ad
661 1375 821 1440 tumulum
846 1375 1004 1439 deducent
1026 1397 1100 1439 cara
1124 1377 1273 1459 parenbes

485 1496 643 1580 Pignora,
668 1497 909 1580 narrabunique
932 1497 1036 1562 herois
1060 1496 1195 1580 grandia
1217 1495 1321 1573 facia,

490 1617 577 1694 Quae
603 1617 728 1684 decana
751 1619 842 1682 avide
865 1617 1038 1701 primisque
1062 1617 1230 1680 imilenbur
1253 1616 1294 1680 eb
1318 1615 1421 1680 annis.

484 1741 574 1807 Haec
592 1744 665 1820 tua,
684 1739 873 1823 Kinsbergi,
895 1760 962 1804 sors
983 1740 1048 1814 est,
1068 1738 1146 1801 haec
1164 1759 1259 1801 aurea
1275 1737 1393 1801 virius!
1414 1776 1452 1829 ἡ,

487 1862 677 1946 Kinsbergi,
700 1881 765 1945 quo
790 1861 857 1926 cive
880 1863 913 1924 el
936 1860 1006 1924 Rex
1026 1862 1060 1923 el
1082 1859 1188 1942 patria
1210 1860 1370 1943 gaudent!

486 1983 679 2048 Laudabunb
703 1981 758 2044 alii
780 1984 889 2066 parics
912 1981 973 2043 tibi
996 1979 1101 2043 Marce
1121 1979 1320 2062 triumphos,

488 2095 645 2189 Aequoris
667 2102 866 2186 infectosque
889 2101 1047 2166 Britanno
1072 2100 1228 2185 sanguine
1251 2099 1385 2174 fluctus3

487 2225 552 2304 Aa,
576 2227 603 2290 si
625 2229 719 2289 banio
743 2225 830 2309 operi
852 2225 982 2306 possent
1004 2211 1175 2287 subsistere
1198 2223 1297 2299 vires,

488 2346 626 2410 Prodere
649 2346 842 2410 carminibus
866 2347 922 2409 iua
945 2367 995 2408 me
1018 2343 1099 2408 bene
1122 2343 1208 2408 facia
1229 2342 1370 2420 iuvarel‚

488 2464 533 2531 Ec
551 2466 712 2550 placidum
730 2467 852 2532 miseris
871 2466 1031 2543 animum,
1051 2467 1254 2548 merulamque
1272 2464 1455 2549 benignam.

488 2586 577 2653 Haeo
599 2588 727 2653 bonibes
750 2591 857 2652 mulae
881 2608 947 2651 non
970 2590 1019 2652 esl
1040 2586 1154 2670 ignoba
1177 2586 1345 2662 iuvenum

487 2708 582 2774 Hanc
605 2708 696 2794 pueri
719 2709 799 2774 caris
822 2729 945 2773 sensere
969 2707 1155 2792 parentibus
1179 2706 1268 2783 orbi3

488 2829 581 2898 Hanc
598 2832 713 2896 viduae
729 2831 851 2908 casus,
869 2829 985 2894 misera
1001 2830 1086 2893 hane
1103 2846 1286 2913 pauperque
1304 2830 1462 2904 seneclus3

489 2952 584 3017 Hanc
605 2951 837 3037 Elburgenses,
862 2951 966 3036 pairia
989 2950 1181 3035 plaudenda,
1207 2947 1375 3015 Camenae.

490 3073 587 3138 Ecce!
612 3074 713 3158 gemit
735 3073 851 3169 Laida,
876 3072 1035 3137 horrenda
1058 3093 1207 3156 percussa
1229 3071 1341 3148 ruina,

494 3195 616 3279 Vixque
639 3197 710 3259 iuas
734 3195 830 3260 eliam
855 3195 946 3258 dolor
968 3191 1021 3256 hic
1044 3192 1190 3275 pervenit
1213 3193 1253 3255 ad
1275 3213 1385 3267 aures,

490 3313 587 3379 Haud
610 3337 714 3392 mora,
740 3315 912 3391 succurris,
937 3315 1048 3378 lentae
1071 3335 1129 3378 nec
1152 3313 1233 3378 ferre
1256 3335 1381 3379 recusas

492 3434 622 3498 Partem
645 3434 784 3519 aliquam
807 3435 942 3519 stragis,
966 3435 1146 3520 levioraque
1168 3436 1298 3500 reddere
1322 3438 1447 3500 damna.

493 3555 582 3620 Felix
613 3556 731 3621 divitiis
753 3557 786 3620 eb
808 3554 885 3620 felix
909 3559 977 3620 arbe
999 3556 1141 3634 fruendi,

498 3677 626 3762 Optime
649 3678 839 3763 KinsbergI,
863 3699 932 3743 sero
956 3681 988 3741 le
1011 3679 1099 3764 regia
1122 3679 1201 3743 coeli

499 3797 645 3883 Accipiat
669 3800 794 3883 cupidi!
818 3798 880 3864 hoc
902 3821 1024 3864 mecum
1050 3801 1207 3864 desiderat
1230 3799 1333 3864 omnis

494 3918 619 3998 Pabria,
645 3919 809 3984 non-ficio
833 3943 914 4004 quae
936 3924 969 3984 be
991 3923 1160 3986 veneratur
1184 3941 1299 3984 amore.

356 5016 738 5280 A
