3362 5300
563 605 603 649 nn
622 603 770 652 arsacium
785 605 910 652 ornere.
1251 579 1288 646 61

180 791 227 860 Ut
259 794 366 858 autem
395 792 488 856 Plato
512 789 623 856 scribit
646 789 789 855 civitates
812 788 880 854 fore
903 789 1031 868 beatas,
1054 789 1082 854 si
1104 812 1124 854 a
1146 789 1287 874 philoso-

179 914 252 1000 phis
275 916 446 998 regantur,
470 912 517 978 ita
540 911 633 976 nobis
657 911 760 975 dicere
783 910 875 987 licet,
898 910 1027 975 firmum
1050 911 1217 977 universas
1239 913 1287 977 fe-

177 1034 309 1099 licitatis
338 1033 583 1097 fundamentum
615 1030 783 1107 constitui,
815 1029 985 1116 sisingrli
1006 1029 1190 1117 philosophi
1212 1054 1288 1097 sea

178 1155 413 1241 sapientissimo
444 1152 513 1218 Deo
544 1152 613 1236 regi
644 1152 827 1237 patiantur,
852 1153 885 1215 et
907 1152 1105 1236 praeclarum
1128 1152 1208 1217 illud
1231 1175 1289 1218 ne·

179 1276 379 1341 cessitudinis
403 1274 590 1351 vinculum,
615 1273 700 1358 quod
723 1272 816 1337 bonis
839 1271 1022 1338 hominibus
1046 1293 1118 1337 cum
1144 1272 1212 1338 Deo
1235 1274 1287 1339 in-

179 1397 329 1474 tercedit,
353 1396 456 1481 magis
480 1395 643 1479 magisque
663 1394 824 1459 adducant
841 1395 875 1457 et
892 1393 1095 1458 contrahant.
1132 1394 1287 1460 Homines

179 1518 262 1582 falsa
291 1516 432 1601 imagine
462 1513 623 1580 felicitatis
653 1518 686 1578 et
714 1514 946 1598 magnitudinis
979 1514 1079 1578 illecti
1101 1516 1135 1578 et
1155 1514 1314 1580 inescati

179 1640 293 1704 laxant
321 1637 401 1701 illud
432 1636 596 1701 vinculum
624 1635 660 1699 in
689 1657 747 1700 sua
775 1635 914 1699 civitate.
970 1634 1065 1700 Brevi
1096 1639 1288 1714 succedunt,

180 1759 238 1844 qni
268 1756 423 1823 resolvere
455 1758 488 1821 et
516 1755 691 1839 discerpere
717 1754 882 1820 festinant.
930 1753 1026 1821 Ocelo
1049 1753 1161 1821 sereno
1186 1757 1288 1821 maxi·

182 1883 251 1944 mas
277 1900 370 1962 saepe
393 1879 598 1963 tempestales
620 1899 686 1941 una
712 1877 867 1941 nubecula
890 1876 1041 1940 ostendit.
1087 1875 1206 1942 Felices
1230 1899 1289 1941 na-

183 2001 305 2076 tiones,
339 2019 474 2082 quarum
504 1997 664 2083 principes
691 1997 799 2062 omina
822 2019 890 2061 non
911 1996 1045 2074 fallant,
1069 2001 1106 2060 ut
1127 1996 1161 2060 in
1187 1996 1291 2061 medio
1356 2071 1359 2077 ³

183 2121 265 2186 mari
294 2142 361 2184 non
392 2118 687 2204 deprehendantur,
721 2140 779 2184 nec
807 2118 956 2182 miserum
986 2117 1022 2181 in
1052 2118 1182 2182 modum
1212 2139 1291 2182 con·

184 2243 357 2308 flictentur.

230 2361 451 2428 Horrescimus
481 2363 523 2426 ad
549 2359 881 2425 commemorationem
904 2360 1053 2446 Syllanae
1075 2365 1109 2426 et
1129 2361 1292 2428 Marianae

184 2483 396 2559 crudelitatis,
420 2504 485 2566 qua
507 2481 567 2546 hac
590 2480 742 2546 memoria
764 2480 877 2547 nefarii
899 2481 1062 2559 homines,
1082 2482 1148 2548 sive
1168 2483 1292 2548 belluae

184 2607 221 2670 in
243 2605 347 2690 figura
370 2602 554 2680 hominum,
574 2601 743 2666 branciam
760 2603 988 2670 laceraverunt.
1013 2602 1111 2669 Nulla
1130 2604 1165 2668 in
1184 2603 1291 2688 aliquo

184 2728 312 2791 oratore
341 2728 434 2789 tanta
465 2723 592 2788 dicendi
622 2723 670 2788 vis
692 2726 758 2802 est,
782 2726 820 2788 ut
842 2725 1054 2790 miserandam
1078 2725 1236 2791 nobilium
1259 2727 1292 2789 et

182 2847 377 2934 optimorum
396 2845 537 2911 virorum
557 2847 697 2928 stragem
717 2845 815 2930 digne
834 2847 986 2931 deploret.
1016 2845 1182 2924 Dicamus,
1205 2849 1292 2931 quod

184 2971 224 3034 de
247 2989 344 3033 coena
367 2966 525 3051 Thyestea
549 2966 671 3030 canunt
693 2969 823 3050 poetae,
844 2965 944 3032 solem
965 2988 984 3030 a
1002 2966 1160 3052 capitibus
1180 2988 1292 3052 regum

184 3109 354 3174 puerorum
386 3089 419 3150 et
445 3085 623 3170 virginum,
648 3107 729 3170 quae
752 3085 915 3151 carnifices
938 3085 1037 3150 hastis
1060 3086 1291 3171 praefixerant,

185 3209 311 3274 vultum
342 3206 501 3274 avertisse.
536 3246 576 3254 -
608 3206 670 3272 Sed
700 3207 796 3271 iidem
828 3207 967 3272 dicamus
997 3207 1079 3271 nihil
1110 3207 1206 3272 etiam
1232 3208 1294 3274 hoc

187 3331 286 3396 solem
320 3303 434 3394 vidisse
464 3327 646 3413 indignius,
678 3349 775 3411 quam
804 3349 903 3412 quum
934 3328 970 3393 in
1001 3331 1111 3393 eadem
1141 3327 1293 3407 Francia,

187 3453 276 3519 brevi
307 3453 383 3516 ante
414 3449 588 3515 terribilem
617 3470 723 3514 rerum
754 3449 1010 3528 conversionem,
1041 3472 1096 3515 sex
1118 3450 1293 3535 agricolae,

189 3576 295 3659 patres
326 3571 478 3647 familias,
509 3569 607 3635 boum
638 3570 741 3634 instar
758 3570 877 3652 currui
902 3571 1004 3636 iuncti
1027 3592 1144 3654 aquam
1167 3574 1295 3655 portare

190 3696 397 3780 cogerentur,
426 3691 581 3776 puniendi
611 3691 747 3769 scilicet,
776 3695 863 3776 quod
884 3692 1024 3777 leporem
1048 3690 1114 3756 sive
1137 3690 1296 3777 perdicem

190 3818 302 3880 contra
325 3813 524 3879 voluntatem
546 3812 664 3877 nobilis
686 3812 755 3877 heri
779 3814 976 3878 occidissent.

236 3937 270 4004 si
306 3940 359 4000 ae'r
393 3933 549 4019 pestiferis
583 3933 753 4019 vaporibus
787 3934 926 4018 repletus
957 3956 1015 4000 nos
1046 3935 1201 4020 respirare
1232 3958 1299 4002 non

194 4058 287 4134 sinit,
320 4054 534 4141 supplicamus
564 4053 633 4118 Deo
664 4055 810 4130 tonanti,
843 4056 881 4118 ut
910 4077 968 4140 per
997 4055 1134 4120 fulmina
1163 4057 1298 4122 liberum

194 4177 318 4264 spiritui
341 4179 481 4241 meatum
504 4174 626 4240 reddat.
665 4173 709 4238 Et
731 4177 840 4239 tamen
863 4177 973 4240 eadem
996 4175 1132 4241 fulmina
1155 4175 1299 4240 homines

229 4481 311 4542 Plato)
345 4481 382 4528 De
399 4478 498 4545 Bapubl.
518 4477 548 4528 V.
566 4494 590 4544 p.
608 4477 671 4537 473,
689 4479 719 4528 D.

231 4564 330 4624 Poetae)
366 4564 453 4612 Seneca
470 4561 566 4625 Thyest.
585 4562 624 4610 51.
659 4559 729 4610 Ovid.
748 4559 820 4610 diist.
838 4560 873 4610 II.
892 4560 940 4610 acl
957 4576 992 4625 sq.
