3362 5300
625 577 814 623 anorcaaars
1217 565 1279 625 123

167 782 235 828 non
267 761 353 844 quod
383 758 445 842 ipsi
476 758 690 824 adolescentes
722 763 851 824 tantum
878 760 958 824 mihi
979 761 1128 826 timorem
1150 761 1275 824 incute-

167 884 260 957 rent,
293 900 429 964 quorum
458 881 550 962 pater
579 901 646 944 esse
673 900 798 964 possem
822 883 941 958 aetate,
966 881 1107 945 consiliis
1130 884 1162 944 et
1185 903 1276 965 prae·

169 1001 270 1086 ceptis
294 986 457 1074 deberem3
482 1000 536 1063 scd
553 1001 677 1083 quoties
695 1002 837 1065 muneris
856 1001 935 1064 mihi
956 1002 1067 1065 crediti
1087 1001 1279 1086 gravitatem

170 1129 204 1188 et
228 1121 404 1207 perieulum
439 1120 546 1183 animo
570 1141 694 1185 mecum
717 1123 919 1199 volutabam,
944 1122 1075 1186 verebar
1102 1125 1139 1185 ut
1168 1143 1278 1207 exspe-

171 1244 321 1320 ctationi,
353 1260 448 1324 qnam
473 1243 511 1306 de
534 1263 584 1305 me
607 1245 699 1325 pater
721 1243 925 1326 suscepisset,
951 1241 1172 1307 satisfacerem.
1219 1242 1279 1307 Hi-

171 1365 304 1430 storiam
336 1365 419 1428 recte
451 1363 561 1426 docere
587 1385 710 1447 semper
732 1364 812 1428 mihi
835 1365 938 1430 visum
961 1368 1010 1429 est
1032 1386 1112 1449 opus
1135 1363 1279 1441 difficile,

173 1487 323 1570 quodque
353 1484 472 1547 multas
501 1483 666 1548 cautiones
696 1484 843 1563 haberet,
875 1486 911 1548 in
938 1485 998 1549 hac
1021 1485 1208 1569 praesertim
1230 1505 1281 1548 sa-

172 1606 314 1691 pientiae
344 1604 559 1688 pragmaticae
591 1604 724 1669 libidine
746 1610 779 1670 et
802 1605 1023 1690 philosophiae
1046 1605 1208 1669 cuiusdam
1229 1604 1281 1667 in-

175 1749 256 1792 sana
279 1725 507 1792 venditatione.
554 1723 657 1803 Nam,
685 1726 807 1790 utalia
830 1726 937 1789 omnia
959 1730 1172 1810 praeteream,
1197 1746 1282 1790 mor·

175 1849 290 1913 talium
313 1847 398 1912 facta
422 1867 495 1910 vere
516 1845 672 1924 iudicare,
697 1846 829 1930 inceptu
852 1847 985 1930 pulchre
1009 1851 1041 1911 et
1064 1847 1156 1910 foeda
1175 1849 1283 1910 osten-

176 1974 267 2046 dere,
300 1990 411 2052 capere
442 1967 502 2030 tibi
531 1967 674 2050 tuisque,
704 1970 790 2051 qnod
812 1967 952 2046 imitere,
977 1969 1048 2051 quis
1070 1989 1214 2052 unquam
1237 1967 1284 2030 ita

176 2093 339 2175 ingressus
371 2091 438 2166 cst,
471 2089 508 2152 ut
539 2087 624 2152 viam
654 2109 777 2172 semper
806 2090 966 2154 tenuerit?
1012 2089 1089 2154 Non
1112 2089 1226 2172 loquor
1246 2088 1284 2151 de

178 2211 375 2287 hominibus,
401 2209 456 2292 qui
479 2229 536 2292 pro
558 2208 795 2274 inconsiderata
814 2209 1020 2274 festinatione
1039 2213 1072 2274 et
1089 2209 1284 2286 temeritate,

178 2353 275 2417 qnam
297 2330 392 2395 hodie
411 2332 543 2394 tuentur
562 2329 772 2408 sententiam,
793 2352 861 2394 eam
880 2351 949 2394 cras
968 2334 1116 2408 mutant,
1138 2328 1287 2414 perendie

180 2454 277 2519 aliam
301 2454 495 2535 sequuntnr;
523 2472 626 2533 neque
649 2453 688 2515 de
708 2451 748 2515 iis
769 2452 899 2534 loquor,
924 2453 979 2536 qui
1002 2453 1127 2516 levitati
1151 2455 1183 2515 et
1206 2453 1288 2514 tem·

180 2573 312 2658 poribus
340 2571 564 2648 inservientes,
597 2571 780 2655 opinionem
807 2575 874 2634 tam
897 2573 990 2636 facile
1014 2573 1170 2636 abiiciunt
1192 2593 1288 2654 quam

180 2696 317 2772 vestem,
341 2693 435 2757 simul
459 2695 555 2776 atque
577 2693 737 2757 saeculum
760 2696 792 2756 et
814 2693 866 2757 lex
889 2695 1066 2778 elegantiae
1093 2693 1287 2758 novamfor-

182 2837 268 2878 mam
299 2815 332 2878 et
361 2813 500 2878 colorem
528 2813 697 2897 imperent.
744 2813 805 2878 Sed
834 2836 929 2896 quam
959 2814 1054 2878 multi
1085 2836 1208 2898 semper
1231 2813 1288 2877 do·

182 2936 305 3012 ctrina,
335 2933 451 2999 iudicio
485 2935 518 2997 et
547 2935 708 3018 probitate
731 2934 921 3000 excellentes
945 2935 1033 3001 fuere
1056 2937 1132 3014 viri,
1160 2936 1216 3020 qni
1238 2935 1289 2999 vel

182 3057 243 3120 sibi
273 3055 335 3139 ipsi
364 3077 431 3120 non
462 3059 664 3133 constarent,
689 3056 740 3120 vel
764 3077 899 3138 qncmm
923 3057 1145 3120 anctoritatem
1168 3056 1291 3120 laudati

180 3178 326 3241 homines
351 3179 548 3255 desererent,
573 3176 666 3240 sicuti
695 3176 809 3240 horum
832 3177 1055 3241 auctoritatem
1078 3177 1179 3248 altera
1203 3180 1290 3240 aetas

181 3321 291 3364 rursus
321 3298 483 3364 cese-ma
530 3298 593 3362 Res
622 3297 753 3360 omnino
785 3297 896 3360 similis
926 3302 975 3362 est
1002 3298 1131 3363 tabulae
1161 3298 1231 3374 isti,
1255 3298 1291 3361 in

183 3424 259 3486 aede
290 3419 422 3486 Saturni
452 3419 529 3482 olim
552 3417 727 3496 dedicatae,
752 3418 840 3497 cuius
862 3418 1062 3484 intellectum
1085 3417 1183 3484 (lebes
1206 3417 1290 3482 The-

117 3552 120 3558 '
184 3544 287 3607 banus
316 3543 444 3605 tantum
468 3538 585 3604 habere
607 3539 739 3623 periculi
762 3539 903 3618 dicebat,
927 3543 965 3602 ut
986 3544 1071 3604 recte
1093 3539 1291 3622 capientibus

185 3662 389 3749 prudentiam
420 3662 453 3725 et
481 3659 681 3737 felicitatem,
714 3682 820 3738 secus,
847 3641 1017 3724 stultitiam
1040 3663 1073 3724 ct
1095 3659 1291 3724 calamitates

190 3785 324 3851 afferret.
371 3782 477 3846 Huius
499 3781 711 3858 difficultatis,
735 3781 800 3844 iam
824 3801 891 3845 non
915 3780 1065 3865 exiguae,
1090 3781 1190 3844 maior
1213 3780 1292 3844 mihi

190 3905 364 3993 apparebat
383 3903 507 3988 imago,
528 3901 704 3987 reputanti,
725 3902 840 3986 quibus
858 3901 1110 3966 adolescentibus
1127 3903 1294 3966 historiam
1333 3943 1339 3954 ·

192 4053 288 4096 essem
312 4027 504 4091 traditurus:
529 4025 579 4089 his
602 4023 771 4102 nimirum,
796 4045 931 4108 quorum
954 4024 1087 4089 maiores
1110 4025 1203 4088 rebus
1220 4043 1294 4107 gra-

193 4148 325 4215 vissimis
360 4147 447 4211 domi
481 4146 620 4230 forisque
652 4143 873 4209 interfuissent
904 4148 937 4210 et
967 4146 1022 4230 qui
1052 4145 1130 4230 ipsi,
1153 4146 1295 4208 altered

194 4296 342 4360 regnum,
368 4273 449 4338 alter
472 4270 512 4332 ad
536 4287 672 4350 magnos
693 4266 729 4330 in
751 4286 851 4351 regno
875 4266 1012 4331 honores
1035 4270 1141 4331 essent
1164 4266 1242 4329 nati.

237 4395 304 4462 Deo
334 4394 485 4469 iuvante,
517 4389 661 4454 animum
690 4409 757 4453 non
790 4387 917 4466 demisi,
944 4387 998 4452 sed
1022 4387 1130 4452 sedulo
1153 4385 1231 4465 feci,
1256 4411 1297 4453 ne

196 4517 272 4584 mihi
303 4519 335 4582 et
359 4513 464 4582 officio
485 4514 641 4588 deessem,
666 4531 768 4593 neque
790 4513 934 4575 modesta
956 4510 991 4574 in
1013 4531 1064 4572 me
1086 4509 1218 4575 libertas
1241 4513 1297 4574 de-
