<?xml version="1.0" encoding="UTF-8"?>
<!DOCTYPE html PUBLIC "-//W3C//DTD XHTML 1.0 Transitional//EN"
    "http://www.w3.org/TR/xhtml1/DTD/xhtml1-transitional.dtd">
<html xmlns="http://www.w3.org/1999/xhtml" xml:lang="en" lang="en">
 <head>
  <title>
</title>
<meta http-equiv="Content-Type" content="text/html;charset=utf-8" />
  <meta name='ocr-system' content='tesseract 3.04.00' />
  <meta name='ocr-capabilities' content='ocr_page ocr_carea ocr_par ocr_line ocrx_word'/>
</head>
<body>
  <div class='ocr_page' id='page_1' title='image "./opusculaoratori00peergoog/opusculaoratori00peergoog_0175.png"; bbox 0 0 3362 5296; ppageno 0'>
   <div class='ocr_carea' id='block_1_1' title="bbox 828 459 1010 544">
    <p class='ocr_par' dir='ltr' id='par_1_1' title="bbox 828 459 1010 544">
     <span class='ocr_line' id='line_1_1' title="bbox 828 459 1010 544; baseline 0 0"><span class='ocrx_word' id='word_1_1' title='bbox 828 459 836 471; x_wconf 48' lang='lat'>⁸</span> <span class='ocrx_word' id='word_1_2' title='bbox 878 487 1010 544; x_wconf 76' lang='grc'><strong>11111111</strong></span> 
     </span>
    </p>
   </div>
   <div class='ocr_carea' id='block_1_2' title="bbox 481 674 1454 870">
    <p class='ocr_par' dir='ltr' id='par_1_2' title="bbox 481 674 1454 870">
     <span class='ocr_line' id='line_1_2' title="bbox 481 674 1454 778; baseline 0.014 -39"><span class='ocrx_word' id='word_1_3' title='bbox 481 674 568 760; x_wconf 82' lang='lat' dir='ltr'>Ergo</span> <span class='ocrx_word' id='word_1_4' title='bbox 599 678 654 743; x_wconf 92' lang='lat' dir='ltr'>ubi</span> <span class='ocrx_word' id='word_1_5' title='bbox 684 679 781 744; x_wconf 84' lang='lat' dir='ltr'>Leida</span> <span class='ocrx_word' id='word_1_6' title='bbox 811 680 888 760; x_wconf 83' lang='lat' dir='ltr'>fuit,</span> <span class='ocrx_word' id='word_1_7' title='bbox 920 686 1042 767; x_wconf 79' lang='lat' dir='ltr'>segetes</span> <span class='ocrx_word' id='word_1_8' title='bbox 1077 684 1279 751; x_wconf 73' lang='lat' dir='ltr'>volventibus</span> <span class='ocrx_word' id='word_1_9' title='bbox 1307 688 1403 752; x_wconf 87' lang='lat' dir='ltr'>annis</span> <span class='ocrx_word' id='word_1_10' title='bbox 1451 772 1454 778; x_wconf 24' lang='grc' dir='ltr'>Ι</span> 
     </span>
     <span class='ocr_line' id='line_1_3' title="bbox 638 799 1062 870; baseline 0.014 -6"><span class='ocrx_word' id='word_1_11' title='bbox 638 799 755 866; x_wconf 84' lang='lat' dir='ltr'>Manus</span> <span class='ocrx_word' id='word_1_12' title='bbox 777 803 898 868; x_wconf 85' lang='lat' dir='ltr'>secabit</span> <span class='ocrx_word' id='word_1_13' title='bbox 919 805 1062 870; x_wconf 77' lang='lat' dir='ltr'>rustica?</span> 
     </span>
    </p>
   </div>
   <div class='ocr_carea' id='block_1_3' title="bbox 481 916 1402 1112">
    <p class='ocr_par' dir='ltr' id='par_1_3' title="bbox 481 916 1402 1112">
     <span class='ocr_line' id='line_1_4' title="bbox 481 916 1402 1009; baseline 0.013 -29"><span class='ocrx_word' id='word_1_14' title='bbox 481 916 675 1004; x_wconf 85' lang='lat' dir='ltr'>Templaquc</span> <span class='ocrx_word' id='word_1_15' title='bbox 705 925 817 988; x_wconf 86' lang='lat' dir='ltr'>sancta</span> <span class='ocrx_word' id='word_1_16' title='bbox 844 923 912 989; x_wconf 90' lang='lat' dir='ltr'>Deo</span> <span class='ocrx_word' id='word_1_17' title='bbox 942 929 1076 1009; x_wconf 86' lang='lat' dir='ltr'>pascent</span> <span class='ocrx_word' id='word_1_18' title='bbox 1106 930 1138 992; x_wconf 92' lang='lat' dir='ltr'>et</span> <span class='ocrx_word' id='word_1_19' title='bbox 1168 930 1255 993; x_wconf 85' lang='lat' dir='ltr'>tecta</span> <span class='ocrx_word' id='word_1_20' title='bbox 1276 929 1402 994; x_wconf 93' lang='lat' dir='ltr'>iuvenci</span> 
     </span>
     <span class='ocr_line' id='line_1_5' title="bbox 638 1041 1075 1112; baseline 0.016 -6"><span class='ocrx_word' id='word_1_21' title='bbox 638 1041 737 1108; x_wconf 86' lang='lat' dir='ltr'>Bonis</span> <span class='ocrx_word' id='word_1_22' title='bbox 759 1045 864 1109; x_wconf 87' lang='lat' dir='ltr'>dicate</span> <span class='ocrx_word' id='word_1_23' title='bbox 885 1045 1010 1112; x_wconf 72' lang='lat' dir='ltr'>literis?</span> <span class='ocrx_word' id='word_1_24' title='bbox 1034 1087 1075 1096; x_wconf 90' lang='lat'>—</span> 
     </span>
    </p>
   </div>
   <div class='ocr_carea' id='block_1_4' title="bbox 368 1158 1420 1255">
    <p class='ocr_par' dir='ltr' id='par_1_4' title="bbox 368 1158 1420 1255">
     <span class='ocr_line' id='line_1_6' title="bbox 368 1158 1420 1255; baseline 0.017 -35"><span class='ocrx_word' id='word_1_25' title='bbox 368 1171 369 1176; x_wconf 75' lang='grc'>’</span> <span class='ocrx_word' id='word_1_26' title='bbox 482 1158 522 1223; x_wconf 88' lang='lat' dir='ltr'>Di</span> <span class='ocrx_word' id='word_1_27' title='bbox 544 1163 709 1249; x_wconf 88' lang='lat' dir='ltr'>prohibete</span> <span class='ocrx_word' id='word_1_28' title='bbox 731 1165 838 1232; x_wconf 80' lang='lat' dir='ltr'>nefas!</span> <span class='ocrx_word' id='word_1_29' title='bbox 864 1206 904 1216; x_wconf 93' lang='lat'><em>-</em></span> <span class='ocrx_word' id='word_1_30' title='bbox 930 1169 1013 1233; x_wconf 90' lang='lat' dir='ltr'>cives</span> <span class='ocrx_word' id='word_1_31' title='bbox 1036 1171 1203 1255; x_wconf 88' lang='lat' dir='ltr'>prohibete</span> <span class='ocrx_word' id='word_1_32' title='bbox 1224 1170 1358 1238; x_wconf 84' lang='lat' dir='ltr'>Batavi!</span> <span class='ocrx_word' id='word_1_33' title='bbox 1382 1211 1420 1220; x_wconf 94' lang='lat'>—-</span> 
     </span>
    </p>
   </div>
   <div class='ocr_carea' id='block_1_5' title="bbox 637 1285 1164 1356">
    <p class='ocr_par' dir='ltr' id='par_1_5' title="bbox 637 1285 1164 1356">
     <span class='ocr_line' id='line_1_7' title="bbox 637 1285 1164 1356; baseline 0.013 -6"><span class='ocrx_word' id='word_1_34' title='bbox 637 1285 722 1352; x_wconf 91' lang='lat' dir='ltr'>Huic</span> <span class='ocrx_word' id='word_1_35' title='bbox 744 1289 777 1350; x_wconf 91' lang='lat' dir='ltr'>et</span> <span class='ocrx_word' id='word_1_36' title='bbox 798 1289 883 1354; x_wconf 85' lang='lat' dir='ltr'>malo</span> <span class='ocrx_word' id='word_1_37' title='bbox 905 1291 1097 1356; x_wconf 76' lang='lat' dir='ltr'>succurrite!</span> <span class='ocrx_word' id='word_1_38' title='bbox 1126 1328 1164 1342; x_wconf 87' lang='lat'><em>-</em></span> 
     </span>
    </p>
   </div>
   <div class='ocr_carea' id='block_1_6' title="bbox 756 1708 1111 1780">
    <p class='ocr_par' dir='ltr' id='par_1_6' title="bbox 756 1708 1111 1780">
     <span class='ocr_line' id='line_1_8' title="bbox 756 1708 1111 1780; baseline 0.003 -3"><span class='ocrx_word' id='word_1_39' title='bbox 756 1708 814 1777; x_wconf 84' lang='lat' dir='ltr'>IV.</span> <span class='ocrx_word' id='word_1_40' title='bbox 860 1711 951 1778; x_wconf 75' lang='lat' dir='ltr'>Meno</span> <span class='ocrx_word' id='word_1_41' title='bbox 974 1713 1111 1780; x_wconf 84' lang='lat' dir='ltr'><strong><em>Batava.</em></strong></span> 
     </span>
    </p>
   </div>
   <div class='ocr_carea' id='block_1_7' title="bbox 476 1888 1396 1982">
    <p class='ocr_par' dir='ltr' id='par_1_7' title="bbox 476 1888 1396 1982">
     <span class='ocr_line' id='line_1_9' title="bbox 476 1888 1396 1982; baseline 0.008 -25"><span class='ocrx_word' id='word_1_42' title='bbox 476 1888 616 1958; x_wconf 85' lang='lat' dir='ltr'>Horrida</span> <span class='ocrx_word' id='word_1_43' title='bbox 645 1915 744 1978; x_wconf 91' lang='lat' dir='ltr'>quum</span> <span class='ocrx_word' id='word_1_44' title='bbox 774 1895 879 1958; x_wconf 90' lang='lat' dir='ltr'>totum</span> <span class='ocrx_word' id='word_1_45' title='bbox 900 1894 1060 1961; x_wconf 81' lang='lat' dir='ltr'>saevirent</span> <span class='ocrx_word' id='word_1_46' title='bbox 1081 1897 1166 1961; x_wconf 88' lang='lat' dir='ltr'>bella</span> <span class='ocrx_word' id='word_1_47' title='bbox 1188 1919 1245 1982; x_wconf 89' lang='lat' dir='ltr'>per</span> <span class='ocrx_word' id='word_1_48' title='bbox 1268 1899 1396 1978; x_wconf 87' lang='lat' dir='ltr'>orbem,</span> 
     </span>
    </p>
   </div>
   <div class='ocr_carea' id='block_1_8' title="bbox 458 2011 1394 4041">
    <p class='ocr_par' dir='ltr' id='par_1_8' title="bbox 472 2011 1394 2585">
     <span class='ocr_line' id='line_1_10' title="bbox 479 2011 1325 2101; baseline 0.006 -22"><span class='ocrx_word' id='word_1_49' title='bbox 479 2011 731 2098; x_wconf 78' lang='lat' dir='ltr'>Conferrentque</span> <span class='ocrx_word' id='word_1_50' title='bbox 753 2013 823 2078; x_wconf 88' lang='lat' dir='ltr'>aliis</span> <span class='ocrx_word' id='word_1_51' title='bbox 846 2014 926 2080; x_wconf 81' lang='lat' dir='ltr'>aliae</span> <span class='ocrx_word' id='word_1_52' title='bbox 949 2037 1021 2080; x_wconf 91' lang='lat' dir='ltr'>oum</span> <span class='ocrx_word' id='word_1_53' title='bbox 1046 2018 1196 2101; x_wconf 85' lang='lat' dir='ltr'>gentibus</span> <span class='ocrx_word' id='word_1_54' title='bbox 1220 2041 1325 2098; x_wconf 85' lang='lat' dir='ltr'>arma,</span> 
     </span>
     <span class='ocr_line' id='line_1_11' title="bbox 472 2134 1394 2222; baseline 0.009 -24"><span class='ocrx_word' id='word_1_55' title='bbox 472 2134 604 2220; x_wconf 79' lang='lat' dir='ltr'>Belgica</span> <span class='ocrx_word' id='word_1_56' title='bbox 625 2138 659 2200; x_wconf 93' lang='lat' dir='ltr'>et</span> <span class='ocrx_word' id='word_1_57' title='bbox 675 2135 806 2201; x_wconf 87' lang='lat' dir='ltr'>incensa</span> <span class='ocrx_word' id='word_1_58' title='bbox 830 2139 894 2213; x_wconf 91' lang='lat' dir='ltr'>est,</span> <span class='ocrx_word' id='word_1_59' title='bbox 919 2136 1110 2222; x_wconf 84' lang='lat' dir='ltr'>flammaque</span> <span class='ocrx_word' id='word_1_60' title='bbox 1133 2140 1253 2205; x_wconf 84' lang='lat' dir='ltr'>exarsit</span> <span class='ocrx_word' id='word_1_61' title='bbox 1274 2141 1394 2206; x_wconf 88' lang='lat' dir='ltr'>eodem.</span> 
     </span>
     <span class='ocr_line' id='line_1_12' title="bbox 474 2254 1355 2344; baseline 0.009 -25"><span class='ocrx_word' id='word_1_62' title='bbox 474 2254 518 2320; x_wconf 84' lang='lat' dir='ltr'>Et</span> <span class='ocrx_word' id='word_1_63' title='bbox 540 2276 733 2340; x_wconf 86' lang='lat' dir='ltr'>quamquam</span> <span class='ocrx_word' id='word_1_64' title='bbox 755 2257 840 2321; x_wconf 86' lang='lat' dir='ltr'>vitae</span> <span class='ocrx_word' id='word_1_65' title='bbox 862 2277 929 2321; x_wconf 88' lang='lat' dir='ltr'>non</span> <span class='ocrx_word' id='word_1_66' title='bbox 948 2257 1056 2322; x_wconf 83' lang='lat' dir='ltr'>deerat</span> <span class='ocrx_word' id='word_1_67' title='bbox 1077 2259 1213 2344; x_wconf 82' lang='lat' dir='ltr'>prodiga</span> <span class='ocrx_word' id='word_1_68' title='bbox 1235 2261 1355 2341; x_wconf 88' lang='lat' dir='ltr'>virtus,</span> 
     </span>
     <span class='ocr_line' id='line_1_13' title="bbox 474 2377 1391 2464; baseline 0.004 -20"><span class='ocrx_word' id='word_1_69' title='bbox 474 2378 543 2444; x_wconf 91' lang='lat' dir='ltr'>Nec</span> <span class='ocrx_word' id='word_1_70' title='bbox 572 2377 672 2455; x_wconf 83' lang='lat' dir='ltr'>Socii,</span> <span class='ocrx_word' id='word_1_71' title='bbox 704 2378 758 2462; x_wconf 93' lang='lat' dir='ltr'>qui</span> <span class='ocrx_word' id='word_1_72' title='bbox 785 2400 844 2442; x_wconf 93' lang='lat' dir='ltr'>nos</span> <span class='ocrx_word' id='word_1_73' title='bbox 867 2378 1043 2463; x_wconf 87' lang='lat' dir='ltr'>opibusque</span> <span class='ocrx_word' id='word_1_74' title='bbox 1064 2379 1204 2464; x_wconf 88' lang='lat' dir='ltr'>virisque</span> <span class='ocrx_word' id='word_1_75' title='bbox 1225 2382 1391 2462; x_wconf 87' lang='lat' dir='ltr'>iuvarent,</span> 
     </span>
     <span class='ocr_line' id='line_1_14' title="bbox 472 2497 1171 2585; baseline 0.003 -21"><span class='ocrx_word' id='word_1_76' title='bbox 472 2499 575 2585; x_wconf 88' lang='lat' dir='ltr'>Impia</span> <span class='ocrx_word' id='word_1_77' title='bbox 597 2499 705 2564; x_wconf 87' lang='lat' dir='ltr'>civiles</span> <span class='ocrx_word' id='word_1_78' title='bbox 727 2499 832 2563; x_wconf 89' lang='lat' dir='ltr'>tenuit</span> <span class='ocrx_word' id='word_1_79' title='bbox 854 2497 1010 2564; x_wconf 87' lang='lat' dir='ltr'>discordia</span> <span class='ocrx_word' id='word_1_80' title='bbox 1032 2503 1171 2579; x_wconf 83' lang='lat' dir='ltr'>mentes,</span> 
     </span>
    </p>

    <p class='ocr_par' dir='ltr' id='par_1_9' title="bbox 470 2609 1248 2707">
     <span class='ocr_line' id='line_1_15' title="bbox 470 2609 1248 2707; baseline 0 -19"><span class='ocrx_word' id='word_1_81' title='bbox 470 2621 515 2688; x_wconf 82' lang='lat' dir='ltr'>Et</span> <span class='ocrx_word' id='word_1_82' title='bbox 537 2643 600 2706; x_wconf 91' lang='lat' dir='ltr'>quo</span> <span class='ocrx_word' id='word_1_83' title='bbox 623 2621 789 2707; x_wconf 82' lang='lat' dir='ltr'>pulsarent</span> <span class='ocrx_word' id='word_1_84' title='bbox 809 2619 921 2705; x_wconf 83' lang='lat' dir='ltr'>patriis</span> <span class='ocrx_word' id='word_1_85' title='bbox 944 2609 1101 2686; x_wconf 85' lang='lat' dir='ltr'>alinibus</span> <span class='ocrx_word' id='word_1_86' title='bbox 1124 2621 1248 2701; x_wconf 87' lang='lat' dir='ltr'>hostes,</span> 
     </span>
    </p>

    <p class='ocr_par' dir='ltr' id='par_1_10' title="bbox 470 2740 1240 2825">
     <span class='ocr_line' id='line_1_16' title="bbox 470 2740 1240 2825; baseline -0.001 -17"><span class='ocrx_word' id='word_1_87' title='bbox 470 2743 511 2809; x_wconf 88' lang='lat' dir='ltr'>In</span> <span class='ocrx_word' id='word_1_88' title='bbox 533 2766 591 2808; x_wconf 87' lang='lat' dir='ltr'>sua</span> <span class='ocrx_word' id='word_1_89' title='bbox 613 2745 779 2808; x_wconf 89' lang='lat' dir='ltr'>verterunt</span> <span class='ocrx_word' id='word_1_90' title='bbox 800 2741 862 2807; x_wconf 92' lang='lat' dir='ltr'>hoc</span> <span class='ocrx_word' id='word_1_91' title='bbox 883 2740 946 2825; x_wconf 86' lang='lat' dir='ltr'>ipsi</span> <span class='ocrx_word' id='word_1_92' title='bbox 968 2741 1089 2806; x_wconf 86' lang='lat' dir='ltr'>viscera</span> <span class='ocrx_word' id='word_1_93' title='bbox 1110 2741 1240 2807; x_wconf 83' lang='lat' dir='ltr'>ferrum.</span> 
     </span>
    </p>

    <p class='ocr_par' dir='ltr' id='par_1_11' title="bbox 467 2861 1317 3074">
     <span class='ocr_line' id='line_1_17' title="bbox 467 2861 1317 2950; baseline 0.001 -20"><span class='ocrx_word' id='word_1_94' title='bbox 467 2863 583 2930; x_wconf 85' lang='lat' dir='ltr'>Omnia</span> <span class='ocrx_word' id='word_1_95' title='bbox 604 2867 674 2930; x_wconf 90' lang='lat' dir='ltr'>tum</span> <span class='ocrx_word' id='word_1_96' title='bbox 697 2884 788 2929; x_wconf 89' lang='lat' dir='ltr'>ruere</span> <span class='ocrx_word' id='word_1_97' title='bbox 810 2863 846 2927; x_wconf 91' lang='lat' dir='ltr'>in</span> <span class='ocrx_word' id='word_1_98' title='bbox 868 2861 958 2946; x_wconf 89' lang='lat' dir='ltr'>peius</span> <span class='ocrx_word' id='word_1_99' title='bbox 981 2882 1127 2947; x_wconf 86' lang='lat' dir='ltr'>coepere,</span> <span class='ocrx_word' id='word_1_100' title='bbox 1151 2864 1317 2950; x_wconf 81' lang='lat' dir='ltr'>bonaeque</span> 
     </span>
     <span class='ocr_line' id='line_1_18' title="bbox 470 2977 1247 3074; baseline -0.003 -21"><span class='ocrx_word' id='word_1_101' title='bbox 470 2977 614 3053; x_wconf 85' lang='lat' dir='ltr'>Virtutes</span> <span class='ocrx_word' id='word_1_102' title='bbox 636 2984 776 3050; x_wconf 87' lang='lat' dir='ltr'>Batavos</span> <span class='ocrx_word' id='word_1_103' title='bbox 792 2983 939 3074; x_wconf 31' lang='lat' dir='ltr'>,primum</span> <span class='ocrx_word' id='word_1_104' title='bbox 961 2983 1081 3068; x_wconf 89' lang='lat' dir='ltr'>liquere</span> <span class='ocrx_word' id='word_1_105' title='bbox 1102 2984 1247 3051; x_wconf 79' lang='lat' dir='ltr'>Penates.</span> 
     </span>
    </p>

    <p class='ocr_par' dir='ltr' id='par_1_12' title="bbox 465 3105 1389 3552">
     <span class='ocr_line' id='line_1_19' title="bbox 468 3105 1209 3191; baseline -0.008 -15"><span class='ocrx_word' id='word_1_106' title='bbox 468 3108 586 3176; x_wconf 81' lang='lat' dir='ltr'>Sancta</span> <span class='ocrx_word' id='word_1_107' title='bbox 608 3108 686 3173; x_wconf 75' lang='lat' dir='ltr'>fider</span> <span class='ocrx_word' id='word_1_108' title='bbox 710 3107 806 3183; x_wconf 86' lang='lat' dir='ltr'>abiit,</span> <span class='ocrx_word' id='word_1_109' title='bbox 831 3126 933 3170; x_wconf 87' lang='lat' dir='ltr'>mores</span> <span class='ocrx_word' id='word_1_110' title='bbox 956 3105 1061 3169; x_wconf 88' lang='lat' dir='ltr'>abiere</span> <span class='ocrx_word' id='word_1_111' title='bbox 1084 3105 1209 3191; x_wconf 86' lang='lat' dir='ltr'>pudici,</span> 
     </span>
     <span class='ocr_line' id='line_1_20' title="bbox 466 3225 1389 3313; baseline -0.001 -18"><span class='ocrx_word' id='word_1_112' title='bbox 466 3229 659 3313; x_wconf 85' lang='lat' dir='ltr'>Simplicitas</span> <span class='ocrx_word' id='word_1_113' title='bbox 678 3249 738 3292; x_wconf 91' lang='lat' dir='ltr'>nec</span> <span class='ocrx_word' id='word_1_114' title='bbox 757 3230 841 3305; x_wconf 87' lang='grc'><strong>1111,</strong></span> <span class='ocrx_word' id='word_1_115' title='bbox 861 3225 924 3292; x_wconf 87' lang='lat' dir='ltr'>nisi</span> <span class='ocrx_word' id='word_1_116' title='bbox 941 3226 1070 3291; x_wconf 92' lang='lat' dir='ltr'>nomine</span> <span class='ocrx_word' id='word_1_117' title='bbox 1087 3229 1180 3305; x_wconf 86' lang='lat' dir='ltr'>noto,</span> <span class='ocrx_word' id='word_1_118' title='bbox 1199 3232 1389 3312; x_wconf 88' lang='lat' dir='ltr'>parentum,</span> 
     </span>
     <span class='ocr_line' id='line_1_21' title="bbox 466 3346 1329 3432; baseline -0.001 -17"><span class='ocrx_word' id='word_1_119' title='bbox 466 3351 570 3416; x_wconf 91' lang='lat' dir='ltr'>Verus</span> <span class='ocrx_word' id='word_1_120' title='bbox 594 3370 683 3414; x_wconf 84' lang='lat' dir='ltr'>amor</span> <span class='ocrx_word' id='word_1_121' title='bbox 702 3347 824 3432; x_wconf 81' lang='lat' dir='ltr'>patriae</span> <span class='ocrx_word' id='word_1_122' title='bbox 848 3346 951 3431; x_wconf 81' lang='lat' dir='ltr'>fugit,</span> <span class='ocrx_word' id='word_1_123' title='bbox 975 3347 1179 3431; x_wconf 89' lang='lat' dir='ltr'>studiumque</span> <span class='ocrx_word' id='word_1_124' title='bbox 1202 3348 1329 3414; x_wconf 90' lang='lat' dir='ltr'>colendi</span> 
     </span>
     <span class='ocr_line' id='line_1_22' title="bbox 465 3467 1290 3552; baseline -0.005 -15"><span class='ocrx_word' id='word_1_125' title='bbox 465 3469 633 3548; x_wconf 87' lang='lat' dir='ltr'>Numinis,</span> <span class='ocrx_word' id='word_1_126' title='bbox 657 3468 716 3532; x_wconf 91' lang='lat' dir='ltr'>ah!</span> <span class='ocrx_word' id='word_1_127' title='bbox 741 3488 828 3533; x_wconf 85' lang='lat' dir='ltr'>raras</span> <span class='ocrx_word' id='word_1_128' title='bbox 850 3468 1006 3552; x_wconf 82' lang='lat' dir='ltr'>tangebat</span> <span class='ocrx_word' id='word_1_129' title='bbox 1028 3467 1136 3532; x_wconf 90' lang='lat' dir='ltr'>nobile</span> <span class='ocrx_word' id='word_1_130' title='bbox 1159 3471 1290 3534; x_wconf 90' lang='lat' dir='ltr'>mentes.</span> 
     </span>
    </p>

    <p class='ocr_par' dir='ltr' id='par_1_13' title="bbox 458 3590 1376 4041">
     <span class='ocr_line' id='line_1_23' title="bbox 510 3590 1376 3676; baseline -0.001 -17"><span class='ocrx_word' id='word_1_131' title='bbox 510 3593 571 3659; x_wconf 82' lang='lat' dir='ltr'>Sed</span> <span class='ocrx_word' id='word_1_132' title='bbox 594 3590 739 3676; x_wconf 83' lang='lat' dir='ltr'>quamvis</span> <span class='ocrx_word' id='word_1_133' title='bbox 761 3611 867 3655; x_wconf 90' lang='lat' dir='ltr'>rerum</span> <span class='ocrx_word' id='word_1_134' title='bbox 890 3590 1062 3673; x_wconf 86' lang='lat' dir='ltr'>tempestas</span> <span class='ocrx_word' id='word_1_135' title='bbox 1085 3611 1178 3655; x_wconf 81' lang='lat' dir='ltr'>saeva</span> <span class='ocrx_word' id='word_1_136' title='bbox 1201 3590 1376 3671; x_wconf 82' lang='lat' dir='ltr'>malarum,</span> 
     </span>
     <span class='ocr_line' id='line_1_24' title="bbox 463 3708 1275 3798; baseline -0.002 -19"><span class='ocrx_word' id='word_1_137' title='bbox 463 3714 556 3779; x_wconf 89' lang='lat' dir='ltr'>Hanc</span> <span class='ocrx_word' id='word_1_138' title='bbox 579 3716 701 3798; x_wconf 87' lang='lat' dir='ltr'>pestem</span> <span class='ocrx_word' id='word_1_139' title='bbox 723 3711 845 3796; x_wconf 87' lang='lat' dir='ltr'>patriae</span> <span class='ocrx_word' id='word_1_140' title='bbox 867 3709 995 3775; x_wconf 83' lang='lat' dir='ltr'>infectis</span> <span class='ocrx_word' id='word_1_141' title='bbox 1017 3708 1171 3775; x_wconf 84' lang='lat' dir='ltr'>afflaverit</span> <span class='ocrx_word' id='word_1_142' title='bbox 1193 3711 1275 3790; x_wconf 84' lang='lat' dir='ltr'>oris,</span> 
     </span>
     <span class='ocr_line' id='line_1_25' title="bbox 458 3830 1339 3917; baseline -0.002 -17"><span class='ocrx_word' id='word_1_143' title='bbox 458 3836 601 3900; x_wconf 86' lang='lat' dir='ltr'>Reddere</span> <span class='ocrx_word' id='word_1_144' title='bbox 632 3855 698 3899; x_wconf 91' lang='lat' dir='ltr'>non</span> <span class='ocrx_word' id='word_1_145' title='bbox 729 3833 825 3897; x_wconf 88' lang='lat' dir='ltr'>duros</span> <span class='ocrx_word' id='word_1_146' title='bbox 848 3833 906 3917; x_wconf 92' lang='lat' dir='ltr'>pot</span> <span class='ocrx_word' id='word_1_147' title='bbox 931 3831 955 3895; x_wconf 89' lang='lat' dir='ltr'>&#39;t</span> <span class='ocrx_word' id='word_1_148' title='bbox 977 3834 1087 3895; x_wconf 88' lang='lat' dir='ltr'>tamen</span> <span class='ocrx_word' id='word_1_149' title='bbox 1109 3830 1165 3896; x_wconf 87' lang='grc'><strong>1111</strong></span> <span class='ocrx_word' id='word_1_150' title='bbox 1188 3831 1339 3898; x_wconf 82' lang='lat' dir='ltr'>Batavos.</span> 
     </span>
     <span class='ocr_line' id='line_1_26' title="bbox 461 3951 1168 4041; baseline -0.007 -21"><span class='ocrx_word' id='word_1_151' title='bbox 461 3954 652 4041; x_wconf 84' lang='lat' dir='ltr'>Adspiciunt</span> <span class='ocrx_word' id='word_1_152' title='bbox 674 3953 729 4018; x_wconf 92' lang='grc'><strong>1111</strong></span> <span class='ocrx_word' id='word_1_153' title='bbox 752 3953 839 4017; x_wconf 92' lang='lat' dir='ltr'>lente</span> <span class='ocrx_word' id='word_1_154' title='bbox 862 3951 1009 4016; x_wconf 81' lang='lat' dir='ltr'>mortalia</span> <span class='ocrx_word' id='word_1_155' title='bbox 1032 3952 1168 4030; x_wconf 85' lang='lat' dir='ltr'>damna,</span> 
     </span>
    </p>
   </div>
   <div class='ocr_carea' id='block_1_9' title="bbox 354 4073 1357 4161">
    <p class='ocr_par' dir='ltr' id='par_1_14' title="bbox 354 4073 1357 4161">
     <span class='ocr_line' id='line_1_27' title="bbox 354 4073 1357 4161; baseline -0.003 -19"><span class='ocrx_word' id='word_1_156' title='bbox 354 4109 356 4113; x_wconf 30' lang='lat' dir='ltr'>v</span> <span class='ocrx_word' id='word_1_157' title='bbox 461 4077 626 4161; x_wconf 80' lang='lat' dir='ltr'>Auresque</span> <span class='ocrx_word' id='word_1_158' title='bbox 648 4078 690 4140; x_wconf 88' lang='lat' dir='ltr'>ad</span> <span class='ocrx_word' id='word_1_159' title='bbox 712 4075 841 4140; x_wconf 90' lang='lat' dir='ltr'>miseros</span> <span class='ocrx_word' id='word_1_160' title='bbox 865 4074 985 4158; x_wconf 79' lang='lat' dir='ltr'>cogant</span> <span class='ocrx_word' id='word_1_161' title='bbox 1006 4074 1185 4138; x_wconf 86' lang='lat' dir='ltr'>surdescere</span> <span class='ocrx_word' id='word_1_162' title='bbox 1208 4073 1320 4154; x_wconf 88' lang='lat' dir='ltr'>fletus,</span> <span class='ocrx_word' id='word_1_163' title='bbox 1353 4081 1357 4088; x_wconf 90' lang='lat'>&#39;</span> 
     </span>
    </p>
   </div>
   <div class='ocr_carea' id='block_1_10' title="bbox 458 4193 1331 4522">
    <p class='ocr_par' dir='ltr' id='par_1_15' title="bbox 458 4193 1331 4522">
     <span class='ocr_line' id='line_1_28' title="bbox 459 4193 1331 4264; baseline -0.006 0"><span class='ocrx_word' id='word_1_164' title='bbox 459 4193 536 4264; x_wconf 84' lang='lat' dir='ltr'>Non</span> <span class='ocrx_word' id='word_1_165' title='bbox 559 4220 596 4262; x_wconf 88' lang='grc'>11</span> <span class='ocrx_word' id='word_1_166' title='bbox 618 4197 749 4262; x_wconf 90' lang='lat' dir='ltr'>durities</span> <span class='ocrx_word' id='word_1_167' title='bbox 771 4195 952 4261; x_wconf 86' lang='lat' dir='ltr'>Hollondae</span> <span class='ocrx_word' id='word_1_168' title='bbox 975 4197 1024 4260; x_wconf 90' lang='lat' dir='ltr'>est</span> <span class='ocrx_word' id='word_1_169' title='bbox 1044 4195 1181 4259; x_wconf 86' lang='lat' dir='ltr'>barbara</span> <span class='ocrx_word' id='word_1_170' title='bbox 1204 4195 1331 4259; x_wconf 88' lang='lat' dir='ltr'>mentis.</span> 
     </span>
     <span class='ocr_line' id='line_1_29' title="bbox 458 4316 1276 4401; baseline -0.007 -15"><span class='ocrx_word' id='word_1_171' title='bbox 458 4320 546 4386; x_wconf 88' lang='lat' dir='ltr'>Haec</span> <span class='ocrx_word' id='word_1_172' title='bbox 570 4319 657 4383; x_wconf 85' lang='lat' dir='ltr'>levat</span> <span class='ocrx_word' id='word_1_173' title='bbox 674 4317 799 4388; x_wconf 79' lang='lat' dir='ltr'>,auxilio</span> <span class='ocrx_word' id='word_1_174' title='bbox 821 4317 970 4394; x_wconf 88' lang='lat' dir='ltr'>miseros,</span> <span class='ocrx_word' id='word_1_175' title='bbox 995 4338 1123 4401; x_wconf 87' lang='lat' dir='ltr'>unaque</span> <span class='ocrx_word' id='word_1_176' title='bbox 1145 4316 1276 4381; x_wconf 87' lang='lat' dir='ltr'>ferendo</span> 
     </span>
     <span class='ocr_line' id='line_1_30' title="bbox 459 4439 1268 4522; baseline -0.002 -16"><span class='ocrx_word' id='word_1_177' title='bbox 459 4440 503 4506; x_wconf 84' lang='lat' dir='ltr'>Et</span> <span class='ocrx_word' id='word_1_178' title='bbox 526 4440 630 4505; x_wconf 87' lang='lat' dir='ltr'>reddit</span> <span class='ocrx_word' id='word_1_179' title='bbox 653 4440 772 4507; x_wconf 87' lang='lat' dir='ltr'>leviora</span> <span class='ocrx_word' id='word_1_180' title='bbox 794 4439 879 4506; x_wconf 85' lang='lat' dir='ltr'>malo</span> <span class='ocrx_word' id='word_1_181' title='bbox 902 4442 935 4504; x_wconf 91' lang='lat' dir='ltr'>et</span> <span class='ocrx_word' id='word_1_182' title='bbox 959 4461 1016 4504; x_wconf 89' lang='lat' dir='ltr'>sua</span> <span class='ocrx_word' id='word_1_183' title='bbox 1038 4439 1161 4522; x_wconf 84' lang='lat' dir='ltr'>cogitat</span> <span class='ocrx_word' id='word_1_184' title='bbox 1184 4461 1268 4518; x_wconf 88' lang='lat' dir='ltr'>esse,</span> 
     </span>
    </p>
   </div>
   <div class='ocr_carea' id='block_1_11' title="bbox 0 0 1686 5296">
    <p class='ocr_par' dir='ltr' id='par_1_16' title="bbox 0 0 1686 5296">
     <span class='ocr_line' id='line_1_31' title="bbox 0 0 1686 5296; baseline 0 9"><span class='ocrx_word' id='word_1_185' title='bbox 0 0 1686 5296; x_wconf 95' lang='lat' dir='ltr'> </span> 
     </span>
    </p>
   </div>
  </div>
 </body>
</html>
