3338 5302
563 619 566 624 ·
620 613 659 660 on
678 615 826 666 noscano.
1238 598 1277 664 17

172 800 207 866 in
238 799 299 863 hoe
331 798 452 882 gloriae
482 799 517 860 et
544 797 708 863 (leoninae
738 798 893 886 curriculo
917 797 1123 876 sintsecuti‚
1148 803 1276 866 atvero

174 921 270 988 etiam
306 919 450 985 assecuti.
510 917 544 984 Si
578 919 704 984 dicant:
743 917 884 1003 miqui,
919 919 1039 1003 optime
1073 922 1184 1004 pater,
1218 921 1279 987 hoe
1321 949 1323 954 ·

174 1044 264 1109 nullo
299 1041 393 1107 modo
431 1063 450 1104 a
483 1040 577 1104 uobis
609 1040 678 1104 fieri
708 1039 859 1126 poterit'’
905 1033 1133 1125 Respondebo:
1167 1041 1282 1107 »Nihil

175 1162 359 1240 minuati,
385 1183 404 1225 o
427 1159 507 1226 mihi
532 1160 685 1225 carissimi
708 1160 782 1237 filii,
817 1153 913 1245 qnam
933 1161 1019 1245 quod
1039 1183 1106 1226 non
1126 1165 1280 1230 tentatur.

176 1284 210 1351 Si
235 1285 305 1369 quis
333 1283 474 1368 Borgero
495 1283 571 1346 ante
591 1281 732 1366 quinque
752 1284 785 1345 et
804 1281 921 1367 viginti
940 1303 1043 1348 anuos
1060 1283 1282 1368 praedixisset:

178 1405 250 1472 »Tu
274 1427 341 1470 non
361 1403 457 1468 unius
481 1401 665 1485 disciplinae
687 1401 847 1486 professor
869 1400 1075 1470 Academiam
1098 1403 1283 1472 Leidensem

179 1526 340 1596 »ornabis
389 1523 456 1601 Tu,
488 1522 611 1607 quoties
643 1523 678 1586 in
700 1525 860 1588 certamen
884 1524 1072 1591 eruditionis
1096 1525 1283 1604 descendes,

180 1647 369 1712 »victoriam
393 1642 602 1729 reportabis.’'
627 1644 746 1710 Nonne
768 1644 860 1710 illum
885 1645 960 1710 huic
979 1646 1285 1732 vatiresponsurum

180 1769 288 1839 fuisse,
299 1766 437 1852 putetis:
464 1763 551 1829 »Abi
564 1803 604 1864 7
624 1787 665 1829 ne
689 1787 740 1830 me
762 1765 877 1843 lude;‘'
891 1769 948 1832 eut
967 1767 1063 1832 etiam
1082 1768 1285 1852 simpliciter:

149 1935 150 1938 η
182 1886 385 1955 »Mentiris.''
431 1885 476 1952 Et
498 1888 608 1951 tamen
629 1886 677 1951 ita
700 1886 824 1952 accidit.
1039 1961 1041 1965 ¹

226 2008 318 2076 Nihil
353 2008 430 2074 adeo
465 2009 530 2086 est,
567 2011 652 2094 quod
687 2007 785 2072 homo
820 2030 887 2074 uon
922 2009 1041 2094 possit,
1077 2011 1171 2076 modo
1205 2011 1289 2077 adsit

182 2132 350 2207 voluntas,
383 2151 442 2194 nec
469 2129 623 2215 impediat
653 2131 777 2196 natura
825 2128 870 2193 Et
900 2151 976 2194 sane
1006 2131 1126 2196 multae
1152 2131 1286 2199 difficul-

182 2255 264 2317 tates
294 2251 437 2335 Borgero
469 2250 599 2315 fuerunt
623 2250 834 2334 superandae.
881 2249 972 2315 Dixit
1002 2250 1116 2336 aliquis
1142 2255 1285 2319 veterum

183 2373 396 2438 comicorum:
454 2370 498 2435 Di
535 2393 595 2436 nos
633 2372 785 2436 mortales
820 2372 911 2456 quasi
941 2373 1023 2457 pilas
1056 2373 1188 2439 habent.
1234 2375 1286 2443 Ita

181 2515 257 2558 vero
281 2514 374 2578 saepe
397 2492 539 2569 videtur,
564 2513 631 2558 non
654 2495 712 2557 est.
759 2492 845 2558 Nam
867 2515 971 2559 rernm
995 2494 1097 2560 exitus
1120 2517 1179 2561 nos
1199 2495 1283 2561 Deo-

181 2637 252 2679 rum
288 2612 478 2698 sapientiam
502 2613 598 2677 etiam
622 2613 658 2678 in
681 2613 743 2679 hoc
765 2614 841 2679 ludo
865 2615 973 2694 docet,
997 2616 1092 2681 modo
1114 2637 1286 2702 agnoscere

180 2735 324 2800 velimus.
371 2730 418 2798 At
449 2733 591 2798 abiectus
626 2736 695 2800 erat
725 2734 884 2820 Borgerus
906 2736 941 2800 in
964 2737 1139 2822 ignobilem
1162 2739 1285 2823 pamiae

180 2857 345 2942 angulum.
393 2855 482 2920 Fecit
513 2854 663 2920 nobilem.
711 2852 758 2919 At
788 2877 904 2940 genere
935 2859 1030 2923 natus
1060 2862 1129 2924 erat
1155 2862 1284 2926 tentum

182 3000 248 3044 non
277 2977 419 3049 obscuro.
467 2976 619 3062 Princeps
641 2977 824 3042 illustravit.
871 2976 918 3042 Aa
941 2979 1047 3052 minus
1069 2980 1153 3044 laeto
1177 2982 1283 3065 pueri-

181 3098 244 3164 tiae
267 3119 342 3162 usus
365 3093 420 3162 est
436 3097 540 3162 initio.
588 3096 718 3182 Optima
741 3118 816 3182 ergo
840 3099 940 3163 animi
961 3100 1137 3184 palaestra,
1160 3101 1196 3165 in
1219 3124 1283 3187 qua

182 3223 306 3285 mature
330 3219 520 3284 exercitatus
542 3218 624 3283 vires
643 3218 733 3282 auxit
752 3220 786 3282 et
804 3219 1030 3285 corroboravit.
1054 3219 1107 3286 Sic
1124 3221 1159 3286 in
1179 3244 1285 3288 rerum

183 3343 299 3408 natura
331 3341 477 3406 arborem
500 3362 593 3423 saepe
616 3363 635 3403 a
658 3338 763 3405 ventis
786 3341 928 3426 quassari
951 3363 988 3406 ao
1012 3343 1085 3407 sede
1108 3366 1208 3428 prope
1231 3367 1286 3410 sua

183 3463 275 3528 evelli
298 3462 450 3527 videmus.
485 3460 616 3525 Eruitur
636 3461 730 3526 arbor
749 3461 902 3527 beneficio
922 3465 1108 3542 ventorum,
1130 3465 1288 3551 fibrasque

183 3587 216 3650 et
238 3583 360 3648 radicas
383 3581 479 3646 allius
504 3581 660 3666 altiusque
683 3583 786 3646 terrae
804 3582 921 3668 infigit.
964 3582 1008 3648 Di
1025 3583 1167 3670 Borgero
1188 3587 1290 3652 multa

186 3705 343 3770 dederunt
371 3704 521 3781 adversa,
551 3705 589 3767 ut
611 3725 683 3767 eum
706 3703 942 3788 experirentur,
965 3707 1064 3788 utque
1086 3708 1291 3775 ostenderent

186 3825 392 3903 mortalibus,
429 3845 537 3889 veram
570 3824 696 3890 laudem
729 3825 877 3890 omnibus
911 3828 1038 3910 patere,
1070 3849 1202 3913 eamque
1224 3850 1292 3894 non

187 3947 270 4012 votis
304 3968 364 4010 nec
399 3945 560 4024 socordia,
592 3949 647 4010 sed
676 3946 841 4031 diligentia
873 3951 906 4012 et
936 3948 1061 4029 labore,
1086 3972 1154 4018 nou
1178 3971 1293 4038 genere

188 4071 244 4132 aut
269 4066 410 4144 ambitu,
438 4066 491 4131 sed
514 4065 634 4132 virtute
656 4069 688 4130 et
711 4066 936 4134 benemeritis
959 4071 1146 4156 comparari.

234 4187 342 4273 Atque
365 4187 427 4252 hoc
450 4188 521 4252 loeo
545 4187 727 4272 praedicare
749 4187 829 4252 mihi
851 4188 931 4254 libet
954 4189 1137 4276 principum
1158 4191 1194 4256 in
1218 4190 1296 4257 civi·

190 4312 262 4376 tate·
294 4311 406 4374 nostra
446 4307 586 4374 virorum
619 4308 839 4394 integritatem
876 4311 1143 4396 sapientiamque,
1175 4313 1249 4397 qni,
1280 4335 1299 4376 a

224 4577 321 4642 Aliquis
337 4583 441 4630 veterum
460 4579 610 4648 eemicemm)
643 4581 744 4632 Plautus
762 4584 830 4648 Ospt.
849 4584 913 4634 Prol.
933 4600 955 4633 v.
973 4584 1013 4632 22.

1134 4681 1149 4728 2
