3362 5296
629 557 772 604 corruere
793 557 857 603 seur
877 531 1035 624 scurrula

345 738 391 805 At
412 741 516 804 bonus
539 737 673 805 Henrioi
696 740 852 806 virtutum
875 745 907 805 et
929 741 1068 806 nominis
1091 741 1200 808 haeres

437 857 589 944 (Crescite
610 859 791 925 Borboniae
813 861 881 924 lilia
903 883 1003 944 parva
1028 861 1172 946 domuel)

346 979 530 1047 Constituet
552 981 670 1064 populo
694 980 780 1065 leges
804 985 836 1046 et
859 980 930 1045 iura
952 982 1090 1059 volenti,

437 1099 505 1175 Qua
529 1099 673 1183 placidus
696 1099 846 1166 Rhodani
868 1101 1001 1166 flumina
1024 1103 1131 1186 iungit
1153 1102 1247 1168 Arar.

345 1220 408 1285 Hic
431 1221 542 1305 generi
565 1221 706 1289 humano
728 1221 869 1286 Francos
891 1223 1041 1306 placabit.
1087 1222 1211 1288 Ahenis

438 1339 609 1406 Claudetur
631 1341 707 1404 belli
728 1342 826 1406 ianua
849 1342 928 1406 dura
952 1340 1037 1408 seris.

346 1463 473 1528 Interea
501 1462 615 1526 celeres
638 1463 817 1545 protrudite
840 1465 984 1548 tempora
1007 1464 1133 1530 Lunae!

437 1582 575 1666 Magnus
598 1583 659 1646 erit
682 1583 807 1649 cunctis
831 1585 980 1669 gentibus
1003 1586 1057 1652 ille
1078 1587 1153 1652 dies.

347 1702 415 1780 Quo
439 1702 515 1780 tibi,
540 1701 662 1768 France
685 1703 781 1781 levis,
805 1705 898 1770 mites
921 1706 1052 1773 turbare
1075 1706 1227 1786 Batavos,

439 1824 507 1898 Quo
530 1823 591 1889 tibi
614 1822 805 1890 Nassavium
829 1825 959 1909 perdere
983 1827 1064 1892 velle
1087 1831 1214 1913 genus?

351 1943 478 2014 Scilicet
501 1947 631 2008 aeterno
655 1947 693 2008 ut
716 1966 829 2008 noceas
852 1946 989 2010 securior
1011 1946 1111 2025 hosti,

436 2064 546 2148 Atque
568 2068 698 2130 auctum
721 2067 831 2130 nostra
854 2070 887 2132 te
911 2069 1028 2132 tremat
1048 2067 1177 2153 Anglus
1202 2071 1284 2152 ope?

350 2186 541 2271 Imprudens
563 2183 673 2270 Anglo
697 2186 815 2271 duplici
839 2187 917 2252 facis
940 2187 1019 2252 utile
1042 2192 1075 2254 et
1097 2189 1212 2273 ingens

441 2305 597 2372 Officium.
637 2306 847 2376 Huiemaior
869 2330 965 2393 quarn
988 2309 1049 2373 tibi
1071 2310 1189 2394 praeda
1213 2333 1330 2375 sumus.

354 2428 430 2494 Non
454 2431 541 2492 amat
563 2427 726 2494 Hollando
749 2429 923 2512 pendentia
946 2429 1076 2494 carbasa
1099 2431 1194 2496 melo.

443 2548 562 2620 Pallori
585 2551 635 2614 est
657 2549 774 2632 triplex
796 2549 997 2634 invidiaeque
1019 2552 1117 2616 color.

351 2670 531 2735 Admonuit
553 2692 656 2754 nuper
678 2673 821 2736 veterum
844 2670 1064 2737 Zoutmannus
1087 2693 1235 2749 avorum,

442 2790 552 2875 Syrtes
575 2791 706 2875 piscosis
730 2813 793 2875 quo
816 2791 975 2856 feriuntur
999 2793 1098 2876 aquis.

352 2912 434 2978 Ecce
457 2913 568 2977 sedent
590 2913 697 2978 tristes
721 2912 843 2978 albenti
865 2913 901 2976 in
924 2934 1003 2997 rupe
1026 2911 1181 2991 Catones,

445 3033 652 3118 Prospiciunt
674 3032 773 3098 oculis
796 3036 829 3097 et
850 3032 933 3096 freta
956 3033 1021 3098 lata
1044 3035 1118 3100 suis.

356 3153 518 3238 Carthago
541 3153 714 3219 Hannonis
738 3155 830 3218 cedat
856 3153 1018 3218 Barcaene
1040 3155 1156 3234 furori,

445 3273 540 3340 Civili
563 3277 596 3338 et
618 3274 737 3344 discors
759 3274 880 3339 saeviet
904 3296 978 3340 ense
1001 3298 1125 3342 manos.

356 3395 483 3462 Saeviit.
529 3394 694 3478 Adspicite
718 3395 830 3460 invisis
854 3417 934 3481 quae
957 3397 1064 3462 tendit
1087 3399 1127 3463 ab
1152 3400 1234 3477 oris,

447 3515 610 3591 Quantum
633 3515 774 3580 thesauri
796 3517 931 3600 parvula
955 3518 1070 3602 cymba
1093 3519 1205 3584 vehit?

357 3637 456 3704 Nulla
478 3636 626 3700 coloratis
649 3635 759 3700 elassis
782 3637 849 3701 tam
873 3637 960 3702 dives
984 3637 1025 3700 ab
1048 3636 1156 3716 Indis,

448 3756 587 3841 Appulit
608 3756 644 3820 in
667 3760 796 3839 portur,
821 3753 942 3840 Anglia
966 3757 1052 3834 dira,
1076 3758 1156 3822 tuos.

358 3879 513 3944 Hellandi
537 3878 598 3944 hac
622 3876 750 3942 vehitur
772 3877 883 3962 populi
906 3877 1052 3955 fortuna,
1078 3881 1251 3965 vetusque

451 3998 614 4075 Libertas,
641 3997 731 4062 exsul
754 4019 830 4062 nam
854 3996 1030 4063 Gulielmus
1053 3999 1147 4065 inest.

360 4119 458 4185 Natio
481 4141 561 4203 quae
584 4120 701 4183 sortem
725 4139 792 4182 non
816 4118 994 4202 deploravit
1017 4120 1178 4205 iniquam,

450 4239 603 4305 Incubuit
625 4238 748 4323 patriae
770 4261 852 4322 quae
875 4239 1028 4304 diuturna
1051 4245 1162 4306 meae?

360 4360 548 4446 Exspoliata
571 4359 680 4438 bonis,
705 4358 901 4426 Francorum
925 4381 1015 4425 serva
1037 4360 1216 4450 latronum,

453 4479 605 4558 Abieota,
630 4483 662 4544 et
685 4501 803 4546 nomen
827 4481 967 4566 perdidit
988 4482 1058 4566 ipsa
1080 4505 1182 4548 suum.
