3362 5296
492 589 635 639 OOLOEGlO
655 591 720 638 SPEI
739 587 895 638 Nemcen.
1007 601 1010 606 ·

206 778 330 845 Sufficit
353 783 385 843 et
407 777 498 844 robis
522 797 640 841 merces
662 773 878 861 pulcherrima
898 772 1016 838 virtus:

295 900 399 985 Inque
423 920 481 964 suo
505 899 622 964 ornatu
645 897 788 981 simplice
809 917 892 981 pura
915 895 1008 959 nitet.

204 1007 275 1086 lam
296 1023 427 1086 tandem
451 1039 582 1085 excusso
606 1019 732 1104 sapiens
754 1016 886 1101 Europa
907 1018 1039 1081 veterno

293 1138 486 1219 Admonita,
511 1139 644 1224 incipiet
666 1137 831 1203 consulere
852 1137 923 1221 ipsa
946 1135 1017 1200 sibi.

203 1261 310 1327 Aurea
333 1282 459 1326 securae
481 1282 545 1345 pax
567 1257 723 1325 libertatis
747 1259 783 1322 in
806 1243 948 1334 umbra,

292 1381 321 1447 E
345 1383 466 1468 gremio
490 1381 677 1466 omnigenas
699 1379 797 1444 divite
820 1377 935 1443 fundet
958 1398 1043 1462 opes.

203 1502 373 1568 lamfelix
395 1503 469 1567 fidei
492 1505 524 1566 et
547 1521 736 1586 magnarum
758 1498 933 1564 Hollandia
956 1520 1062 1563 rerum

291 1625 420 1690 Intaoto
443 1624 561 1690 florens
584 1623 677 1688 tollet
698 1621 820 1687 honore
844 1623 950 1705 caput

201 1745 292 1822 Quod
314 1745 436 1811 factum
460 1749 604 1810 auctores
626 1744 735 1808 animo
757 1741 860 1807 fecere
883 1742 1031 1820 scelesto,

291 1866 352 1932 Sed
377 1866 476 1932 vortit
497 1865 589 1930 nobis
612 1865 647 1929 in
670 1863 803 1928 meliora
824 1861 920 1927 Deus.

199 1985 251 2053 Sic
274 1987 393 2072 poterit
416 1987 501 2051 mala
523 1989 616 2050 tenta
637 1985 714 2069 ipsis
737 1985 903 2068 ignoscere
926 1983 1054 2068 Belgis,

290 2107 398 2192 thue
421 2107 515 2185 olim,
538 2105 619 2171 fidas
643 2105 773 2170 tendere
796 2105 898 2170 amica
920 2126 1043 2171 manus.

197 2228 344 2294 Lethaeis
372 2229 427 2294 sed
449 2228 606 2313 quidquid
629 2227 719 2313 cquis
742 2223 828 2291 bona
851 2228 976 2291 tradere
1000 2226 1124 2310 possint

288 2350 439 2428 Pectora,
465 2370 522 2414 vos
544 2349 652 2413 nullus
675 2348 793 2413 eximet
815 2346 891 2411 inde
914 2347 999 2411 dies:

196 2471 263 2537 Vos
287 2470 401 2535 animis
422 2470 524 2555 pietas
546 2469 647 2554 gratis
670 2467 843 2553 inscripsit.
890 2466 935 2531 Et
957 2467 1091 2532 haerent

196 2565 198 2569 Υ
285 2591 512 2674 Iudelebilibus
537 2590 670 2655 nomina
692 2592 799 2655 vestra
820 2588 924 2654 notis:

195 2713 311 2778 invicti
337 2712 485 2789 iuvenes,
509 2734 589 2797 quos
611 2709 745 2796 pulchro
768 2710 953 2775 occumbere
974 2709 1039 2773 leto

281 2833 345 2897 Pro
368 2832 489 2917 patria,
513 2832 618 2896 laudis
641 2830 782 2896 fervidus
817 2830 884 2914 egit
906 2831 1013 2893 amori

193 2953 269 3019 Non
294 2953 445 3038 lacrymis
470 2952 644 3037 sequimur,
669 2973 728 3016 nec
751 2954 873 3016 moesto
895 2949 1010 3016 funera
1032 2950 1128 3028 fletu,

281 3073 451 3139 Laetamur
473 3073 564 3138 vobis
588 3074 633 3138 sic
654 3072 780 3138 licuisse
803 3072 895 3137 mori.

194 3195 374 3260 Hollandas
397 3193 523 3279 quoties
548 3215 668 3259 messor
689 3192 845 3258 resecabit
868 3193 1000 3270 aristas,

280 3315 342 3381 Per
366 3317 497 3380 cunctas
519 3315 600 3380 fient
622 3335 732 3379 annua
754 3335 843 3378 sacra
866 3314 987 3378 domos.

190 3435 271 3500 Tum
294 3437 385 3521 pater
407 3437 441 3500 ot
463 3435 581 3500 circum
606 3435 691 3512 nati,
716 3456 789 3499 cum
813 3434 948 3521 coniuge
972 3458 1063 3514 cara,

279 3556 417 3621 Reddita
438 3559 512 3642 port
534 3577 653 3641 magno
678 3559 754 3621 vota
777 3579 947 3642 precesque
970 3555 1056 3634 Deo,

189 3676 333 3761 Seposito
356 3677 391 3742 in
415 3676 522 3756 cultu,
546 3676 720 3741 multarum
743 3677 778 3741 in
801 3676 879 3742 flore
900 3699 1063 3755 rosarum,

279 3797 433 3863 instituet
457 3799 574 3876 laetas,
598 3798 701 3866 laetus
725 3797 865 3882 etipse,
890 3797 1002 3882 dapes:

189 3916 412 4002 Remumque,
434 3918 520 3982 inter
542 3917 650 3982 festivi
671 3940 807 3983 munera
829 3909 965 3996 Bacchi,

276 4038 321 4103 Et
344 4061 421 4104 voce
444 4041 477 4103 11
501 4038 625 4103 cithara
648 4039 783 4124 grandia
806 4039 892 4105 facta
915 4043 1018 4104 canet.

190 4158 374 4244 Proeliaque
395 4158 431 4224 in
455 4180 565 4224 mensa
587 4159 780 4225 monstrabit
804 4159 901 4224 fortia
926 4160 1029 4238 natis,

275 4281 361 4346 Dum
385 4280 506 4365 liquido
531 4280 620 4345 ducit
643 4283 747 4345 caetm
768 4280 893 4347 Batava
915 4304 1020 4347 mero:

189 4399 294 4466 »Hinc
316 4401 353 4464 in
375 4401 461 4465 bella
483 4399 549 4466 ruit
572 4422 727 4485 generosa
748 4404 856 4466 mente
879 4401 1045 4481 iuventus,

277 4520 370 4586 »Hac
393 4521 511 4607 Belgae
532 4512 620 4608 turpi
643 4524 735 4608 terga
758 4525 871 4588 dedere
894 4521 999 4608 fugae.
