3362 5300
535 567 729 620 ausacaunrs
749 569 949 620 aucuronmus.
1258 551 1295 620 81

186 757 286 836 nivit,
318 759 350 822 et
379 755 488 841 eopias
518 755 713 836 Hollandas,
745 759 824 822 duee
854 756 939 836 filio,
970 756 1114 842 principe
1141 756 1294 828 Arausio-

185 879 296 957 nansi,
319 877 355 943 in
377 891 490 963 agrum
513 877 680 962 Belgioum
703 877 853 942 invadere
869 877 971 942 iussit.
1008 877 1183 945 Universus
1203 903 1292 946 exer·

184 1001 268 1065 uitus
290 998 416 1082 ingenti
438 997 561 1063 laetitia
584 1020 651 1063 rem
674 997 843 1083 cognovit,
868 1000 901 1062 et
924 998 1099 1084 eupiditate
1118 1004 1294 1066 castrorum

184 1121 415 1189 movendorum
445 1119 604 1204 flagravit.
651 1117 766 1184 Illuxit
794 1116 879 1195 dies,
910 1117 1039 1182 initium
1070 1119 1123 1184 hio
1146 1121 1240 1212 unius
1263 1124 1296 1187 et

184 1241 357 1307 continuae
386 1239 554 1316 vietum,
584 1239 651 1304 illio
681 1238 777 1323 fugae
801 1241 834 1302 et
857 1238 956 1304 eladis
979 1242 1159 1324 perpetuae.
1207 1242 1294 1307 Tan·

183 1365 254 1426 tum
284 1361 379 1427 duoes
407 1358 558 1437 ducibus,
591 1359 681 1424 miles
713 1359 826 1438 militi,
858 1378 952 1424 eausa
985 1383 1096 1425 causae
1117 1361 1292 1452 distabant.

229 1480 338 1566 Atque
360 1503 397 1545 ea
420 1480 488 1545 laus
512 1501 578 1545 non
607 1480 737 1565 propria
759 1484 809 1544 est
830 1479 924 1545 huius
947 1481 1071 1546 illiusve
1094 1483 1290 1566 provinciae,

182 1603 239 1668 sed
270 1624 341 1667 oum
374 1599 528 1666 universis
557 1600 604 1665 ita
635 1601 917 1679 communicanda,
941 1604 979 1665 ut
1002 1601 1121 1688 singuli
1143 1602 1209 1668 fere
1232 1608 1291 1670 du-

181 1746 235 1788 ces
266 1725 299 1787 et
321 1723 439 1786 milites
462 1743 519 1786 suo
542 1721 603 1787 sibi
625 1721 694 1786 iure
721 1724 845 1807 partem
870 1721 1031 1786 vindioare
1054 1723 1186 1806 possint.
1234 1724 1292 1791 Sa·

182 1843 309 1929 pienter
350 1842 606 1933 Lacedaemonii,
643 1842 742 1926 quum
777 1841 951 1908 Pausanias
984 1842 1020 1906 in
1053 1842 1293 1928 Epigrammata

184 1963 380 2049 scripsisset,
416 1984 472 2028 suo
508 1965 606 2028 ductu
640 1963 812 2028 exereitum
842 1962 1009 2027 Medorum
1039 1986 1105 2028 esse
1136 1963 1290 2044 deletum,

182 2105 243 2172 pro
272 2085 322 2149 his
353 2083 457 2150 verbis
487 2083 618 2148 nomina
645 2104 753 2148 earum
784 2083 963 2148 eivitatium
993 2087 1183 2168 posuerunt,
1210 2107 1291 2169 quae

183 2205 305 2290 proelio
327 2203 550 2269 interfuerant.
609 2227 610 2232 ¹

231 2326 335 2390 Multa
368 2326 404 2390 in
437 2325 529 2390 bellis
562 2327 659 2409 longe
693 2324 785 2389 aliter
818 2323 920 2404 fiunt,
956 2346 1053 2409 quam
1082 2324 1290 2412 imperatores

183 2448 247 2514 sibi
272 2450 523 2534 proposuerunt,
555 2446 741 2532 praesertim
771 2445 855 2510 siin
878 2466 956 2531 agro
979 2449 1158 2531 pugnetur,
1184 2448 1288 2529 silvis,

182 2570 277 2654 pagis
304 2573 337 2634 et
367 2569 493 2654 oppidis
520 2568 659 2653 repleto,
691 2589 794 2651 neque
823 2566 925 2632 hostis
956 2566 1018 2632 nisi
1048 2589 1088 2632 ex
1109 2568 1233 2635 insidiis
1257 2575 1290 2636 et

182 2691 256 2757 loeo
283 2690 407 2756 munito
437 2690 580 2768 resistat,
612 2691 644 2754 et
673 2689 722 2753 vel
747 2689 793 2753 sie
821 2688 939 2772 pedum
970 2688 1131 2752 eeleritate
1153 2690 1289 2755 salutem

178 2814 322 2897 quaerat.
369 2811 483 2896 Itaque
514 2809 646 2874 fortuna
676 2831 768 2894 saepe
798 2809 906 2873 hostes
930 2809 1057 2887 obiicit,
1081 2830 1149 2875 non
1172 2810 1287 2876 dueum

177 2932 352 3017 prudentia
374 2953 497 3016 semper
519 2931 675 3015 designat.
724 2928 786 2995 Sed
807 2951 861 3006 ea,
885 2928 1019 3014 opinor,
1043 2931 1180 2996 alumnis
1196 2932 1286 3016 prin-

178 3053 259 3138 cipis
290 3052 479 3118 Academiae
514 3052 689 3117 debebatur
720 3051 840 3135 gloria,
871 3053 909 3114 ut
941 3071 1064 3134 semper
1089 3051 1185 3136 primi
1208 3073 1286 3117 eon-

177 3173 386 3259 spicerentur.
432 3172 540 3258 Atque
572 3194 609 3237 eo
639 3172 708 3236 loeo
740 3193 774 3236 se
805 3171 920 3255 dignos
951 3193 1023 3236 eum
1054 3172 1089 3236 in
1112 3172 1285 3244 tolerandis
1420 3227 1422 3232 .

176 3293 359 3371 laboribus,
383 3297 452 3358 turn
474 3294 510 3357 in
533 3291 741 3379 profligandis
761 3291 919 3376 inimicis,
943 3291 1130 3377 probarunt.

224 3414 362 3480 Labores
392 3436 492 3499 quum
523 3413 612 3491 dieo,
641 3435 709 3479 non
731 3413 802 3478 dieo
825 3413 972 3499 vulgares
994 3413 1091 3493 istos,
1114 3415 1212 3502 longa
1235 3416 1285 3480 fa·

176 3557 248 3602 uere
278 3535 394 3600 itinera
424 3535 459 3600 in
482 3535 578 3599 armis
601 3537 634 3598 et
656 3534 908 3620 impedimentis,
934 3535 1041 3601 eibum
1065 3540 1098 3600 et
1120 3537 1284 3622 potionem

62 3655 67 3664 ’
176 3655 274 3721 solito
305 3659 447 3740 ternpore
478 3655 671 3732 desiderare,
703 3658 802 3720 noctu
834 3655 966 3741 vigilare
997 3658 1054 3722 aut
1080 3655 1173 3754 bumi
1193 3657 1297 3741 quie-'

176 3798 272 3842 scere.
320 3777 456 3842 Maiores
486 3779 578 3840 erant
610 3775 833 3858 exhauriendi,
866 3778 898 3839 et
920 3778 1051 3860 propter
1072 3775 1282 3857 eeleritatem,

177 3919 242 3982 qua
271 3897 381 3962 omnia
412 3899 504 3961 erant
530 3899 672 3981 agenda,
705 3899 737 3960 et
760 3896 919 3974 audenda,
943 3898 976 3960 et
997 3899 1128 3982 propter
1150 3897 1284 3964 militiae

176 4040 296 4104 genus,
333 4038 395 4102 quo
430 4017 659 4102 fungebantur.
707 4017 885 4082 Venatores
919 4039 1051 4102 nempe,
1082 4018 1284 4103 vagabantur

176 4143 254 4204 ante
285 4138 477 4216 exereitum,
508 4137 720 4222 explorabant
749 4137 832 4216 vias,
864 4137 971 4202 hostes
999 4159 1015 4201 e
1039 4137 1126 4202 silvis
1149 4141 1181 4203 et
1203 4141 1283 4208 late-

175 4259 243 4326 bris
272 4258 472 4337 excitabant,
503 4279 590 4323 nuno
617 4257 724 4343 plures
756 4257 888 4336 diversi,
920 4280 1007 4324 nuno
1038 4258 1157 4343 singuli
1182 4259 1283 4326 inter-

175 4379 279 4457 vallo,
311 4400 398 4446 nuno
429 4400 538 4445 omnes
571 4378 734 4444 ooniuneti
766 4382 956 4463 pugnantes.
1004 4377 1150 4444 Interdiu
1180 4380 1284 4447 calore

175 4503 210 4569 et
233 4501 304 4580 siti,
329 4503 429 4566 nootu
450 4499 570 4587 frigore
593 4503 625 4564 et
648 4498 732 4565 fame
754 4499 878 4578 vexati,
902 4499 1008 4566 vieino
1029 4520 1152 4586 semper
1173 4500 1283 4588 hoste,

1141 4621 1155 4670 ll
