3362 5300
647 555 837 601 6666666616.
1236 540 1294 603 111

188 739 313 824 patriae
338 739 506 818 libertate,
531 737 641 804 ulcisci
664 738 801 805 volebat.
837 737 964 804 Ardens
987 741 1097 804 tantae
1118 740 1221 805 laudis
1241 761 1296 805 cu-

187 861 324 946 piditate
354 860 419 924 iarn
449 882 544 945 puer,
577 859 618 923 ab
649 859 782 924 ineunte
811 862 916 924 aetate
946 863 1132 925 constanter
1163 863 1204 924 ad
1227 883 1297 926 eam

187 981 403 1068 grassabatur.
449 981 562 1064 Neque
592 983 658 1059 661,
689 982 776 1064 quod
802 980 926 1065 ingenii
949 981 1166 1045 maturitatem
1190 981 1226 1045 in
1247 981 1298 1046 his

187 1103 352 1168 Nassaviis
375 1103 534 1168 miremur.
581 1101 656 1187 Ipsa
681 1103 767 1167 enim
790 1105 936 1188 tempora
959 1103 1139 1168 animorum
1160 1102 1297 1168 faculta-

187 1228 238 1289 tes
271 1224 453 1289 movebant.
500 1223 580 1290 Nati
615 1223 802 1308 educatique
824 1223 974 1288 inbellis
997 1224 1093 1288 etad
1115 1244 1205 1308 spem
1229 1246 1297 1288 ma-

188 1367 327 1431 gnorum
347 1345 383 1409 in
401 1343 565 1428 republica
587 1343 762 1422 honorum,
777 1344 944 1409 ‘stimulati
967 1344 1111 1429 exemplo
1133 1348 1166 1409 61
1190 1345 1299 1409 dolore

188 1466 363 1531 domestico
386 1466 514 1529 616116
539 1465 580 1529 ab
602 1463 756 1549 Hispanis
779 1464 995 1550 implacabili,
1019 1465 1128 1530 omnia
1146 1487 1298 1550 propera·

188 1589 288 1664 bant,
321 1607 424 1670 neque
454 1585 557 1649 virtus
587 1605 790 1670 progressum
822 1586 936 1650 aetatis
960 1588 1140 1670 exspectare
1161 1575 1298 1670 poterat.

188 1709 294 1792 Vigor
324 1707 455 1792 quidam
485 1706 622 1772 Martius
656 1707 799 1772 omnium
830 1707 895 1772 fere
917 1706 1154 1772 Hellandorum
1177 1706 1300 1771 animos

189 1831 417 1914 occupaverat:
448 1828 510 1912 ipsi
535 1828 613 1891 adeo
635 1827 781 1892 historici
804 1828 843 1892 de
864 1827 966 1892 initiis
988 1826 1132 1892 Mauritii
1154 1830 1187 1892 61
1208 1826 1299 1892 Η66-

189 1951 250 2016 rici
276 1971 390 2034 parum
413 1950 455 2012 ad
477 1947 523 2012 rei
545 1948 766 2012 necessitatem
790 1948 913 2026 dixere,
937 1946 1126 2013 festinantes
1149 1947 1300 2012 nimirum

190 2073 233 2134 ad
268 2071 334 2134 1166
368 2068 591 2153 Neoportanos
623 2071 656 2134 et
686 2067 942 2144 Silvaducenses;
976 2089 1053 2146 nec,
1084 2090 1165 2152 quae
1196 2068 1301 2133 adhuc

190 2191 342 2276 exposui,
377 2191 445 2254 sine
480 2211 556 2254 eura
589 2189 731 2273 undique
766 2188 909 2273 quaesita
943 2188 1099 2254 ordinavi.
1156 2187 1302 2274 Apparet

189 2316 303 2377 tamen
322 2334 417 2396 quam
437 2311 610 2376 amicitiam
628 2310 833 2375 habuerimus
853 2331 927 2374 cum
946 2310 1070 2375 duobus
1080 2309 1300 2394 Principibus,

189 2433 254 2510 iis,
283 2433 338 2517 qui
368 2431 567 2498 Hollandum
599 2451 717 2494 nomen
745 2450 899 2514 magnum
922 2451 959 2495 ac
981 2430 1125 2494 terribile
1147 2429 1301 2496 fecerunt.

241 2553 373 2618 Utinam
408 2575 450 2618 ne
485 2551 638 2630 Ordines,
673 2550 850 2617 Henricum
883 2552 919 2615 in
948 2552 1016 2616 filio
1044 2555 1301 2631 remunerantes,

190 2677 327 2740 modum
354 2673 578 2739 excessissent!
624 2672 782 2738 Henricus
805 2673 919 2759 genuit
940 2673 1062 2753 filium,
1085 2697 1114 2737 a.
1141 2674 1227 2738 1626
1250 2674 1301 2738 16-

190 2797 286 2882 genti
316 2795 569 2861 Neerlandorum
600 2794 723 2858 laetitia
754 2797 878 2860 natum.
925 2794 959 2861 si
990 2799 1114 2880 patrem
1143 2797 1301 2881 potestate

189 2937 311 3002 augere
340 2916 537 3001 potuissent,
569 2937 633 3000 qua
663 2921 774 2999 postea
803 2919 916 2981 auctus
947 2920 996 2982 est
1024 2916 1213 2982 Guilielmus
1235 2917 1302 2995 IV,

190 3039 268 3124 quis
291 3038 381 3102 66611
405 3059 501 3122 quam
524 3036 628 3100 multa
650 3036 743 3102 aliter
765 3037 971 3116 incidissent,
996 3040 1092 3122 atque
1115 3060 1202 3103 nunc
1219 3039 1302 3104 inci-

189 3160 328 3224 derunt!
359 3158 445 3225 Nam
463 3157 621 3223 Henricus
641 3178 748 3222 amore
767 3156 884 3222 civium
905 3161 1060 3243 partaque
1079 3181 1118 3223 ex
1137 3181 1174 3224 66
1191 3162 1302 3225 aucto-

187 3282 292 3346 ritate
313 3280 487 3365 plurimum
510 3279 654 3356 valebat,
679 3282 712 3344 et
735 3279 761 3344 si
786 3279 954 3363 cuiquam,
978 3279 1027 3344 illi
1046 3282 1158 3344 datum
1179 3284 1247 3346 erat
1267 3283 1304 3345 61

188 3402 386 3478 discordias,
411 3400 554 3465 nondum
578 3403 646 3464 tam
668 3400 742 3464 altis
764 3400 943 3478 radicibus,
963 3401 1004 3465 ab
1025 3402 1125 3486 stirpe
1145 3402 1302 3468 evelleret.

186 3523 258 3590 Sed
291 3524 386 3588 iidem
422 3522 557 3588 Ordines
586 3521 745 3588 infantem
777 3520 982 3588 Guilielmum
1012 3523 1047 3588 Π
1078 3525 1181 3589 aureis
1211 3525 1304 3590 donis

186 3643 421 3720 cumulabant,
445 3664 658 3728 puerumque,
685 3641 739 3707 vix
763 3665 780 3706 6
798 3644 889 3708 66616
907 3664 1085 3728 egressum,
1105 3645 1194 3709 omni
1213 3645 1303 3729 equi·

186 3765 280 3831 tatui
320 3764 570 3850 praeficiebant,
606 3763 892 3848 destinabantque,
927 3764 954 3828 si
988 3765 1074 3849 patri
1109 3769 1302 3849 superesset,

185 3907 365 3953 munerum
387 3885 562 3950 haeredem.
610 3884 701 3949 Talia
724 3883 894 3963 beneficia,
917 3888 985 3949 tam
1009 3885 1108 3950 effusa
1132 3888 1165 3950 et
1187 3906 1303 3971 prope·

185 4010 285 4084 rata,
319 4006 428 4092 paucis
463 4027 539 4070 sane
570 4005 824 4070 adolescentibus
857 4027 924 4071 non
955 4006 1086 4091 spiritus
1117 4011 1149 4073 et
1179 4007 1303 4073 animos

184 4128 407 4206 addidissent,
428 4128 506 4212 quid
524 4127 589 4206 illi,
608 4127 664 4211 qui
682 4126 850 4211 pulchram
869 4115 1010 4214 corporis
1029 4128 1165 4192 formam
1177 4126 1303 4211 magnis

225 4430 394 4500 Feminarum)
428 4432 471 4481 ad.
489 4447 525 4498 pr.
538 4435 699 4497 properanter.

225 4515 329 4575 Parcas)
362 4515 406 4566 Ed.
424 4531 460 4582 pr.
479 4514 548 4565 raris.
