3362 5300
522 534 715 582 ausrrcrunrs
732 533 931 582 nucrroureua
1240 521 1279 582 75

171 725 254 788 etius
276 705 460 806 impositae,
484 718 544 782 filii
566 720 650 802 regie
672 721 883 784 ostenderunt
906 741 939 784 se
962 741 981 784 a
1003 720 1103 805 stirpe
1126 699 1281 786 Naseavia

171 865 241 908 non
273 846 497 926 degenerasse,
529 838 717 903 Gmlielmus
749 839 844 903 etiarn
863 841 1020 925 sanguine
1042 863 1100 906 suo
1123 841 1281 924 probavit.

172 962 331 1028 Hollandi
354 957 561 1045 pugnarunt,
585 959 701 1042 utqui
724 959 958 1043 intelligerent,
982 965 1105 1045 quanta
1127 961 1213 1026 bona
1234 983 1282 1025 es-

172 1086 249 1149 sent
275 1083 406 1146 libertas
430 1082 463 1144 et
485 1079 599 1163 patria.
647 1078 708 1142 His
731 1079 850 1143 virtute
872 1101 940 1143 non
962 1081 1128 1145 inferiores
1153 1080 1284 1146 fuerunt

172 1205 313 1288 Belgae,
338 1204 393 1266 sed
417 1222 492 1264 casu
516 1199 618 1283 magis
641 1202 674 1262 et
697 1201 832 1276 temere,
856 1200 1069 1265 aemulatione
1089 1205 1121 1266 et
1141 1203 1284 1287 exemplo

174 1328 314 1399 ducum,
347 1321 402 1406 qui
433 1341 517 1385 novo
548 1319 616 1403 regi
648 1320 862 1384 commendari
893 1323 1053 1406 cuperent.
1100 1321 1185 1386 Nam
1209 1323 1286 1406 quid

175 1447 285 1509 essent
308 1442 439 1506 libertas
464 1444 496 1504 et
519 1440 624 1525 patria
644 1461 810 1523 nunquam
829 1444 924 1506 antea
942 1441 1187 1519 intellexerant,
1211 1465 1284 1519 neo,

175 1570 247 1628 tarn
270 1584 378 1627 recens
402 1562 567 1626 nobiscum
591 1560 772 1636 coniuncti,
796 1562 984 1627 didicerant.

228 1682 378 1748 Omnium
410 1681 595 1758 nationum,
619 1703 700 1764 quae
724 1684 801 1745 sunt
823 1681 859 1746 in
881 1682 1028 1768 Europa,
1052 1684 1143 1748 nulla
1167 1687 1215 1748 est
1235 1684 1287 1747 in-

177 1805 305 1868 felicior
337 1823 433 1887 quam
463 1801 604 1886 Belgica.
652 1799 795 1866 Servitus
827 1806 859 1866 et
882 1803 1080 1868 calamitates
1102 1805 1219 1868 multos
1241 1803 1288 1867 fe-

178 1928 296 1990 cerunt
325 1923 577 1988 inconsideratos
600 1924 633 1985 et
656 1944 789 2007 pravos3
813 1927 930 1988 natura
953 1947 1021 1988 non
1044 1928 1129 1988 sunt.
1176 1922 1289 1988 Clerici

180 2049 216 2110 et
246 2045 370 2109 nobiles
402 2064 526 2127 semper
555 2043 729 2127 plurimum
759 2043 946 2122 valuerunt,
972 2046 1087 2109 caeteri
1111 2045 1177 2110 fere
1200 2043 1289 2108 nullo
1358 2067 1362 2073 ·

181 2167 220 2230 in
252 2186 400 2241 numero,
428 2166 522 2228 rudes
546 2166 578 2226 et
599 2163 811 2226 humanitatis
834 2166 995 2247 expertes,
1020 2166 1188 2229 maximam
1216 2188 1290 2250 par-

183 2289 252 2350 tem
283 2306 386 2368 neque
416 2284 522 2368 legere
553 2304 655 2367 neque
677 2283 813 2347 scribere
836 2284 1062 2369 intelligentes.
1111 2285 1196 2350 Olim
1218 2308 1291 2370 per-

185 2409 286 2492 petua
315 2406 385 2470 vice
413 2403 657 2489 imperantium,
689 2403 771 2466 nihil
802 2408 925 2468 centnm
957 2408 1013 2470 aut
1040 2406 1162 2471 stabile.
1210 2407 1293 2483 Quid

184 2529 340 2592 intererat
359 2525 575 2589 multitudinis
593 2524 643 2588 cui
661 2525 810 2602 serviret,
830 2527 907 2588 dum
927 2549 984 2591 sua
1006 2549 1103 2592 onera
1125 2530 1293 2612 portaret?

185 2647 290 2732 Begio
320 2646 494 2710 multarum
525 2667 629 2709 rerum
659 2645 791 2723 fertilis,
824 2646 888 2710 situ
919 2646 1013 2724 felix,
1046 2646 1134 2711 haud
1160 2669 1295 2732 parvum

187 2767 363 2854 potentiori
385 2785 503 2851 regno,
528 2765 578 2830 cui
602 2765 798 2842 accessisset,
824 2770 1037 2846 momentum,
1061 2771 1214 2852 perpetua
1229 2767 1295 2832 fere

187 2889 347 2954 bellorum
377 2889 483 2964 sedes,
515 2888 592 2950 adeo
625 2889 662 2950 ut
684 2886 749 2949 iam
771 2885 833 2950 hoc
857 2889 1007 2971 quartum
1030 2889 1126 2952 iidem
1150 2889 1295 2952 homines

186 3008 337 3074 viderint.
385 3008 481 3072 Nunc
513 3007 655 3071 subiecta
687 3005 750 3070 fuit
780 3005 950 3100 Hispanis,
983 3031 1069 3072 nunc
1099 3007 1294 3086 Austriacis,

189 3149 279 3195 nunc
301 3127 449 3205 Frende,
474 3129 597 3211 partem
621 3147 746 3210 quoque
768 3125 949 3192 Hollandia
995 3127 1047 3192 Ita
1066 3129 1224 3213 parebant
1241 3151 1295 3193 ex-

189 3249 292 3314 ternis
324 3249 471 3334 regibus,
486 3247 652 3332 ‘tyrannis
675 3247 873 3324 domesticis,
898 3250 931 3312 et
951 3248 1121 3333 imperium
1144 3250 1296 3334 reipubli-

190 3391 248 3435 cae
270 3368 411 3434 Francm
434 3371 467 3432 et
490 3387 564 3431 mox
587 3366 817 3450 Napoleontis,
841 3371 927 3451 quod
949 3369 1041 3434 nobis
1062 3370 1299 3434 intolerandum

190 3512 291 3566 onus,
314 3488 423 3573 Belgis
445 3488 560 3572 ingens
584 3488 653 3550 erat
675 3487 874 3554 beneficium.
922 3489 1005 3554 Nam
1027 3490 1063 3553 in
1087 3512 1123 3554 ea
1147 3491 1300 3555 servitute

191 3631 303 3675 omnes
326 3609 452 3674 ordines
476 3628 577 3692 aequo
600 3607 669 3670 iure
691 3607 903 3672 habebantur.
951 3607 1080 3673 Deiecto
1100 3609 1301 3692 Napoleonte

193 3733 287 3798 nobis
310 3729 422 3794 traditi
445 3731 538 3804 sunt,
563 3728 716 3811 quoniam
739 3727 824 3792 inter
847 3727 1002 3811 plurimas
1026 3727 1197 3812 Belgarum
1221 3747 1300 3812 gen·

192 3858 242 3919 tea
277 3855 310 3917 et
342 3850 521 3916 Hollendos
558 3848 692 3932 originis
726 3851 796 3911 'erat
828 3847 1045 3924 necessitudo,
1076 3850 1109 3912 et
1138 3850 1303 3914 commoda

194 3973 343 4057 Europae
369 3971 417 4034 ita
440 3969 603 4054 postulare
625 3967 826 4032 videbantur.

241 4095 310 4159 Iam
333 4093 470 4177 Belgae,
496 4091 523 4155 si
546 4090 654 4154 felices
677 4110 744 4153 esee
766 4087 887 4153 vellent
911 4090 944 4152 et
967 4093 1115 4172 possent,
1139 4091 1305 4154 nobiscum

196 4217 356 4301 poterant.
405 4213 504 4297 Saepe
537 4211 735 4275 dicebamus:
768 4209 859 4284 Quod
889 4228 1025 4294 regnum
1055 4211 1115 4274 hoo
1142 4231 1306 4274 cernemus

197 4338 378 4421 imperante
402 4333 591 4409 Guilielmo,
626 4331 705 4395 boni
736 4333 769 4394 et
799 4331 976 4395 constantis
1008 4331 1106 4395 animi
1139 4331 1222 4407 viro,
1255 4351 1306 4394 sa-

199 4458 325 4542 piente,
359 4459 490 4522 adversa
522 4453 653 4517 fortuna
685 4453 844 4536 spectato!
892 4450 1056 4528 Quomodo
1087 4473 1203 4516 munus
1234 4472 1308 4538 gra·
