3338 5302
394 607 434 670 34
893 621 1003 670 omero
1047 647 1049 652 ·

398 806 524 872 evenire
554 827 621 874 non
651 806 768 892 potuit.
815 805 997 883 Ut'enim‚
1025 804 1081 888 qui
1104 802 1248 888 quotidie
1270 802 1502 870 delicatissimis

395 924 540 992 Arabum
574 927 762 993 suffimentis'
796 926 1112 1003 eircumfimduntm,
1149 899 1227 988 haec
1257 924 1399 1008 spirant,
1428 924 1501 990 ubi·

396 1069 520 1132 cunque
550 1048 616 1114 sint
646 1051 679 1114 et
709 1061 837 1133 quoquo
860 1050 997 1125 vadant,
1020 1047 1067 1111 ita
1088 1043 1247 1129 Borgerus
1269 1044 1395 1110 nullum
1417 1044 1502 1110 diem

397 1170 466 1235 sine
489 1171 571 1236 lecto
594 1168 745 1236 Cicerone
768 1168 1041 1254 praetermittens,
1066 1165 1165 1232 libros
1187 1164 1334 1250 Belgicus
1356 1164 1501 1230 Romano

395 1291 491 1358 odore
513 1291 686 1358 imbuebat.

442 1411 586 1476 Tenebat
609 1414 804 1496 praeceptap
819 1409 934 1494 quibus
958 1407 1072 1474 summi
1091 1407 1152 1473 viri
1171 1428 1188 1471 e
1207 1405 1339 1472 Graecia
1356 1410 1391 1470 et
1408 1405 1503 1471 Italia

397 1532 480 1599 hanc
511 1535 613 1597 artem
644 1530 903 1607 illustraverunt;
926 1529 962 1594 in
984 1531 1136 1614 promptu
1159 1529 1251 1594 erant
1273 1527 1503 1612 pulcherrimae

398 1652 524 1717 dicendi
553 1651 675 1736 figurae
706 1650 905 1736 formaeque,
936 1650 972 1714 in
995 1651 1172 1716 numerato»
1185 1669 1337 1714 nervosae
1358 1647 1503 1732 philoso-

396 1771 534 1857 phorum
557 1770 749 1848 sententiae,
769 1769 840 1855 ipsa
856 1769 992 1854 denique
1008 1769 1109 1834 totius
1128 1769 1206 1834 artis
1223 1768 1366 1852 exempla
1385 1768 1432 1834 ita
1449 1768 1502 1834 in-

397 1892 573 1958 haerebant
596 1891 721 1968 animo,
745 1893 799 1970 ut,
825 1890 970 1975 quamvis
993 1890 1106 1969 vellet,
1131 1890 1172 1954 ab
1192 1889 1242 1956 his
1262 1888 1421 1954 discedere
1439 1889 1502 1974 ipsi

396 2012 509 2078 fuisset
538 2012 673 2078 difficile.
719 2011 786 2076 Ista
817 2011 917 2096 igitur
939 2012 1039 2087 ratio,
1065 2033 1084 2075 a
1105 2010 1251 2076 Romana
1274 2011 1314 2076 ad
1337 2011 1501 2096 Belgicam

396 2134 547 2212 deducta,
571 2134 716 2200 homines
739 2136 771 2199 et
794 2132 948 2198 delectare
972 2136 1005 2197 et
1027 2153 1139 2217 capere
1163 2133 1282 2198 debuit.

441 2253 601 2319 Nonnulli
622 2253 707 2318 hanc
729 2252 863 2338 Borgeri
882 2252 1008 2318 laudem
1025 2252 1163 2318 novitati
1179 2253 1419 2333 adscribebant,
1437 2276 1501 2339 qua

394 2376 538 2459 legentes
567 2372 831 2457 percellebantur.
877 2371 947 2437 Hos
976 2393 1055 2458 rogo
1086 2373 1202 2438 iterum
1235 2378 1267 2439 et
1297 2377 1427 2445 tertium
1454 2375 1500 2440 le·

395 2498 492 2579 gant,
525 2496 558 2558 et
588 2493 615 2560 si
647 2493 774 2570 dicant,
806 2514 840 2558 se
870 2493 976 2558 minus
1002 2494 1169 2579 minusque
1191 2496 1309 2574 teneri,
1334 2519 1401 2561 non
1424 2518 1499 2581 pro·

395 2615 488 2694 bare,
519 2613 681 2690 fastidire,
713 2613 764 2678 his
794 2633 853 2698 ego
884 2613 1004 2680 dictum
1035 2617 1133 2700 puto,
1166 2616 1252 2700 quod
1283 2614 1500 2684 nobilissimus

395 2735 472 2802 olim
506 2735 611 2820 pictor
645 2737 684 2799 de
715 2734 833 2802 tabulis
862 2735 927 2800 suis
957 2756 1110 2821 usurpare
1139 2737 1279 2803 solebat:
1327 2737 1501 2823 »Culpabit

394 2857 466 2942 quis
488 2857 612 2940 potius,
637 2877 734 2940 quem
755 2855 968 2920 imitabitur.'’
1003 2856 1080 2922 Non
1104 2859 1169 2934 est,
1193 2879 1260 2924 non
1283 2862 1332 2924 est
1354 2859 1498 2937 novitas,

394 3000 475 3062 quae
516 2997 620 3042 sacras
659 2975 792 3061 Borgeri
834 2975 994 3042 orationes
1033 2976 1111 3041 adeo
1145 2981 1356 3044 commendat.
1383 3029 1385 3038 ,
1414 2977 1499 3044 Nam

394 3097 550 3184 quidquid
580 3100 629 3164 est
651 3119 788 3174 novum,
813 3096 876 3161 nisi
899 3096 984 3162 idem
1007 3095 1049 3162 sit
1071 3094 1192 3161 bonum
1215 3101 1247 3163 et
1270 3098 1419 3164 eximium
1443 3123 1499 3185 per

393 3242 477 3298 sese,
501 3219 563 3284 leri
586 3216 680 3285 modo
703 3217 857 3303 gloriolae
878 3239 957 3284 aura
979 3221 1012 3282 et
1034 3217 1098 3282 cito
1122 3217 1264 3302 peritura
1286 3218 1432 3286 addatur.

439 3340 567 3423 Septem
591 3337 657 3403 fere
680 3339 758 3402 anni
779 3341 872 3415 sunt,
897 3359 997 3423 quum
1020 3359 1127 3403 sacrae
1147 3337 1234 3404 illius
1254 3340 1412 3406 crationes
1429 3343 1496 3426 pri-

394 3482 482 3526 mum
506 3459 625 3536 editae,
649 3460 730 3536 duo,
754 3480 852 3543 quum
875 3457 961 3542 typis
984 3459 1139 3542 repetitae
1162 3463 1247 3524 sunt.
1294 3459 1363 3525 lam
1386 3462 1496 3526 melio·

393 3603 443 3647 res
473 3581 636 3656 homines,
670 3584 702 3645 et
730 3575 853 3665 ingenii
884 3581 916 3643 et
947 3579 1111 3645 doctrinae
1141 3581 1315 3666 elegantis,
1338 3585 1497 3650 caetermn

394 3703 487 3768 rudes
516 3702 681 3766 literarum
710 3699 917 3778 Latinarum,
947 3723 1013 3766 uno
1043 3721 1097 3766 ore
1120 3702 1330 3785 profitentur,
1354 3727 1388 3770 se
1410 3728 1496 3770 nnn-

394 3846 490 3909 quam
520 3823 560 3888 ad
591 3843 643 3886 aas
673 3821 823 3906 legendas
846 3820 910 3888 nisi
932 3822 1052 3888 receuti
1075 3843 1199 3905 semper
1219 3823 1385 3908 voluptate
1408 3847 1496 3892 aece-

1637 1669 1643 1730 l

395 3947 485 4021 dere,
516 3964 593 4020 nec,
626 3941 688 4006 nisi
718 3964 782 4006 una
813 3941 970 4026 perlecta,
1001 3963 1094 4031 posse
1121 3941 1288 4010 discedere.
1334 3945 1378 4010 Et
1399 3968 1497 4030 quam
1637 4007 1638 4020 ξ

394 4064 489 4130 huius
511 4062 557 4129 rei
580 4084 646 4128 esse
668 4083 795 4128 causam
818 4062 978 4139 dicamus,
1001 4062 1064 4128 nisi
1079 4063 1184 4148 ipsam
1203 4064 1384 4131 libellorum
1403 4088 1495 4151 prae·

394 4184 570 4251 stantiam?
613 4182 754 4272 Itanon
777 4183 919 4268 vulgaris
941 4183 1066 4250 dicendi
1088 4182 1192 4248 forma
1215 4185 1331 4263 allicit,
1351 4185 1497 4254 Romana

393 4306 542 4374 maiestas
573 4304 814 4370 admirationem
845 4305 967 4382 iniicit,
991 4304 1178 4389 simplicitas
1199 4306 1336 4385 mulcet,
1359 4309 1496 4374 varietas
1636 4321 1637 4334 *

393 4430 490 4493 tenet.
536 4424 644 4510 Atque
672 4425 734 4490 ista
765 4427 893 4511 quidem
923 4426 1060 4492 varietas
1086 4429 1180 4493 tanta
1208 4430 1275 4507 est,
1299 4433 1332 4494 et
1353 4433 1422 4496 tam
1443 4432 1495 4496 in-

392 4546 509 4634 signis,
535 4551 572 4613 ut
594 4568 721 4615 omnem
744 4547 809 4612 fere
831 4568 919 4632 spem
941 4546 1131 4614 imitationis
1154 4549 1326 4633 praecidat.
1370 4551 1494 4619 Verna-
