3362 5300
596 570 634 612 nn
655 569 777 612 usserio
799 568 970 612 sosnrcsno.
1299 551 1339 612 99

231 749 309 814 dnm
339 749 516 814 mandaret.
564 749 629 816 Vix
659 751 750 816 navis
781 750 945 815 Hollanda
976 773 1014 814 ex
1036 749 1138 815 Indiis
1164 751 1200 814 in
1223 752 1336 834 portus

231 873 360 936 nostros
392 867 583 956 appulerat,
619 894 712 936 nemo
748 873 842 936 citius
877 871 1036 956 Scaligero
1072 893 1172 936 novas
1204 871 1337 948 herbas,

232 993 379 1077 plantas,
416 992 567 1055 animalia
601 995 804 1076 cognoverat.
851 993 1042 1076 Ubicunque
1075 993 1180 1057 latens
1211 992 1339 1076 aliquod

232 1112 492 1197 deprehendisset
525 1113 709 1198 ingenium,
745 1114 987 1178 commendabat
1016 1113 1184 1198 praefaciis
1215 1112 1338 1178 Acade-

232 1233 315 1298 miae
347 1235 381 1298 et
414 1233 630 1318 Reipublicae.
685 1233 801 1298 Exstat
836 1235 989 1319 epistola,
1024 1234 1060 1298 in
1094 1257 1157 1318 qua
1191 1233 1338 1300 Cornelio

232 1355 334 1440 Mylio
369 1355 516 1440 exposuit
551 1356 589 1418 de
624 1355 792 1420 inventore
825 1355 1050 1432 instrumenti,
1085 1377 1148 1439 quo
1184 1377 1267 1439 aqua
1302 1378 1341 1419 ex

233 1476 320 1562 agris
363 1497 456 1560 opere
490 1475 637 1560 expedito
673 1479 706 1540 et
740 1480 847 1541 sumtu
881 1475 997 1560 exiguo
1032 1479 1139 1560 posset
1172 1476 1340 1541 exhauriri.

233 1596 332 1663 Cuius
362 1598 409 1661 rei
431 1597 607 1662 utilitatem
629 1600 833 1682 perspexerat
857 1620 954 1681 quum
977 1619 1017 1662 ex
1040 1598 1171 1662 lacubus
1194 1601 1227 1661 et
1250 1598 1342 1682 palu-

233 1719 328 1782 dibus
351 1740 427 1782 arva
448 1718 518 1782 fieri
540 1717 739 1782 fertilissima
761 1718 893 1782 videret.
929 1717 1064 1783 Iudaeos
1086 1721 1120 1782 et
1142 1719 1260 1784 Turcas
1283 1721 1344 1785 sibi

233 1838 442 1915 conciliabat,
466 1841 504 1902 ut
526 1838 714 1903 Talmudem
738 1842 771 1903 et
794 1837 950 1904 Goranem
975 1840 1087 1905 melius
1109 1839 1314 1925 intelligeret.

281 1959 422 2044 Scaliger
436 1961 487 2022 tot
504 1981 540 2024 ac
552 1962 660 2024 tantas
671 1960 780 2024 laudes
792 1960 900 2024 multis
913 1961 1041 2026 ornavit
1051 1962 1232 2026 virtutibus.
1256 1961 1345 2037 Quae

234 2079 359 2144 inimici
389 2078 468 2144 vitio
501 2079 530 2143 ei
551 2081 732 2157 verterunt,
760 2102 797 2144 ea
820 2079 991 2144 maximam
1013 2082 1138 2165 partem
1161 2102 1200 2145 ex
1223 2082 1345 2148 invidia

234 2202 312 2266 ficta
335 2200 419 2264 sunt.
466 2198 582 2264 Statim
605 2203 776 2284 postquam
800 2199 931 2264 Leidam
958 2201 1063 2278 venit,
1087 2200 1212 2286 Lipsius
1236 2203 1346 2268 etalii

235 2344 294 2408 per
329 2320 446 2384 amicos
481 2320 709 2398 observabant,
747 2321 822 2404 quid
858 2320 977 2386 faceret
1004 2324 1037 2385 et
1052 2367 1053 2370 ,
1067 2322 1193 2387 diceret.
1240 2323 1346 2389 Homo

236 2463 350 2528 regum
367 2441 519 2527 precibus
543 2442 673 2506 tandem
695 2444 912 2526 expugnatus,
934 2465 975 2507 ne
995 2441 1347 2509 honorificentissimam

239 2562 459 2630 conditionem
499 2561 696 2626 Hollandam
738 2565 980 2647 aspernaretur,
1016 2585 1091 2628 suae
1125 2564 1186 2628 sibi
1220 2565 1330 2629 virtut‘

241 2685 405 2762 conscius,
438 2685 508 2748 tum
540 2706 577 2748 eo
609 2703 742 2768 genere,
771 2684 907 2767 denique
929 2683 1089 2763 Francus,
1114 2689 1146 2750 et
1169 2687 1274 2752 subito
1297 2690 1349 2753 in-

240 2805 427 2873 calescentis
457 2805 598 2891 ingenii,
630 2795 792 2869 interdum
825 2805 945 2889 aliquid
978 2805 1117 2870 faciebat
1146 2809 1179 2872 et
1206 2809 1348 2893 dicebat,

240 2930 331 3014 quod
358 2928 394 2990 in
424 2947 461 2990 eo
494 2925 644 2990 facillime
675 2926 817 2990 excusari
845 2928 988 3010 poterat,
1012 2927 1047 2990 in
1071 2927 1157 3006 aliis,
1183 2929 1210 2992 si
1232 2929 1351 2995 imitari

241 3049 381 3126 vellent,
417 3048 533 3112 minus.
580 3045 747 3112 Caeterum
783 3048 899 3111 natura
932 3050 965 3111 et
992 3048 1098 3112 studio
1130 3053 1198 3114 erat
1229 3051 1351 3129 bonus,

242 3171 400 3255 simplex,
440 3170 518 3234 alios
554 3191 592 3234 ex
626 3190 659 3232 se
694 3168 849 3244 metiens,
885 3167 1002 3251 quique
1035 3170 1143 3234 omnia
1178 3170 1351 3236 amicorum

243 3312 341 3358 caiisa
371 3291 543 3376 susciperet
569 3292 601 3354 et
624 3289 792 3365 toleraret,
817 3287 1015 3373 gloriamque
1037 3294 1070 3354 et
1093 3292 1228 3356 salutem
1251 3315 1353 3359 novae

280 3533 369 3581 Restat
385 3529 496 3593 patale,
513 3527 570 3593 cet.)
604 3527 669 3576 Anni
689 3527 762 3586 1604,
780 3527 856 3593 apat.
872 3544 895 3593 p.
916 3527 972 3580 713.

281 3613 375 3676 apsa
396 3617 421 3662 et
442 3612 487 3661 alii
503 3627 549 3676 per
569 3611 655 3661 amicos
671 3611 834 3670 observabant,
853 3613 907 3672 cet.)
942 3611 996 3661 Vitl.
1014 3612 1089 3678 Lipsii
1106 3617 1131 3662 et
1148 3615 1305 3680 Raphelengii
1321 3618 1355 3668 fil.

245 3695 367 3762 Epistolas
384 3711 404 3745 a.
424 3695 501 3754 1595,
520 3695 546 3742 in
563 3693 658 3758 Sylloge
676 3693 806 3743 Burmann.
826 3695 853 3743 Τ.
872 3693 892 3742 I.
910 3711 934 3759 p.
953 3695 1009 3745 208.

284 3777 370 3826 Omnia
395 3777 521 3826 amborum
546 3779 626 3836 rausa)
661 3777 814 3841 Quantopere
835 3776 922 3826 amicos
945 3775 1065 3840 diligeret,
1089 3777 1161 3842 idque
1177 3779 1202 3827 in
1220 3777 1289 3828 rebus
1305 3783 1356 3831 tam

245 3861 369 3929 prosperis
385 3876 457 3926 quam
474 3859 590 3918 adversis,
608 3859 749 3908 documento
766 3864 822 3907 sunt
838 3858 968 3922 sequentia.
999 3859 1065 3908 Anno
1083 3860 1148 3909 1598
1166 3861 1245 3926 Lipsio
1263 3863 1358 3929 scripsit

247 3943 351 3994 Carolus
367 3943 462 3992 Clusius
478 3943 505 3991 in
521 3941 615 4005 Sylloge
633 3941 747 3990 Burman.
765 3941 792 3990 Τ.
811 3941 832 3990 I.
849 3958 872 4006 p.
889 3941 950 3992 329:

288 4025 350 4074 ulos.
373 4025 486 4090 Scaligeri
504 4023 603 4074 conviva
619 4023 672 4071 heri
689 4023 735 4080 fni,
755 4023 796 4086 qui
814 4023 911 4087 epulum
927 4023 1037 4088 praebuit
1055 4024 1114 4072 Iano
1132 4027 1224 4074 Densae
1242 4029 1266 4075 et
1283 4029 1359 4077 omni·

248 4109 296 4158 bus
323 4108 372 4157 cius
394 4107 475 4156 liberis
496 4105 526 4155 ob
547 4104 652 4154 reditum
677 4105 775 4168 Georgii
800 4104 874 4170 ipsius
900 4105 954 4165 filii,
981 4107 1023 4170 qni
1048 4122 1128 4155 recens
1154 4108 1383 4175 Constantinopoli

248 4189 337 4249 rediit,
361 4190 440 4239 allatis
461 4188 552 4253 aliquot
569 4187 688 4237 veteribus
706 4187 801 4236 Graecis
819 4187 949 4246 codicibus,
968 4191 993 4236 et
1009 4189 1109 4254 epistola
1128 4189 1281 4239 Patriarohac
1298 4192 1360 4241 Con·

249 4271 459 4338 stantinopolitani
477 4272 506 4320 ad
519 4273 621 4336 patrem.
639 4269 719 4318 Hodie
734 4270 797 4334 apud
810 4270 900 4318 Bonav.
920 4269 1064 4320 Vulcanium
1077 4286 1157 4320 omnes
1170 4270 1361 4336 prandebimns.”

287 4355 319 4404 In
340 4356 423 4404 funere
445 4353 499 4402 Iani
521 4355 614 4402 Dousae
637 4352 695 4411 filii,
714 4368 783 4401 suum
798 4350 858 4416 ipsc,
877 4353 898 4400 si
915 4351 1047 4414 habuisset,
1064 4355 1139 4419 magis
1156 4356 1240 4404 deflere
1255 4371 1303 4405 non
1320 4373 1363 4422 pc·

249 4439 346 4489 suisset.
363 4439 491 4487 Testantnr
509 4451 568 4500 quae
586 4435 680 4501 scripsit
698 4435 727 4483 ad
745 4435 781 4484 Io.
800 4451 814 4483 a
832 4435 956 4495 Wouwer,
975 4436 1051 4501 Epist.
1069 4454 1093 4502 p.
1111 4435 1171 4488 722:

290 4520 358 4584 ‚ligo
375 4519 471 4584 quidem
487 4517 546 4568 hene
563 4517 651 4576 valeo:¹
663 4517 703 4566 sed
717 4531 797 4566 omnes
812 4517 946 4568 studiorum
961 4527 1069 4568 meorum
1083 4519 1187 4568 rationes
1202 4519 1364 4574 acerbissimus
