3338 5302
405 578 446 642 20
866 665 869 674 Δ
905 600 1012 649 oaarro

406 784 456 846 est
483 784 586 870 Ulyxe
616 787 737 872 aliquo,
766 787 822 872 qui
848 788 1003 852 latentem
1018 788 1059 852 in
1083 785 1367 872 virgineorestitu
1394 786 1506 854 Achil·

405 906 468 971 lem
497 929 530 972 sc
560 909 655 974 armis
678 909 813 975 ostensis
835 909 1003 993 agnovisse
1019 908 1239 994 gloriabatur:
1264 911 1428 994 tamquam
1450 909 1505 974 ille

405 1049 474 1092 non
495 1029 582 1113 prius
604 1029 668 1093 iam
692 1051 726 1094 se
748 1029 852 1094 virum
875 1050 941 1094 esse
964 1029 1176 1106 declarassetl
1215 1028 1256 1096 In
1277 1029 1432 1116 prodigiis
1452 1052 1507 1095 ve-

405 1154 509 1219 terum
538 1150 757 1216 Romanorum
785 1151 921 1216 relatum
952 1151 1086 1236 legimus
1116 1153 1211 1235 caput
1240 1150 1346 1235 pueris
1377 1151 1506 1230 arsisse,

404 1269 530 1338 futurae
558 1271 790 1356 magnitudinis
812 1271 974 1337 indicium.
1021 1271 1144 1343 Lumen
1166 1271 1289 1356 ingenii
1311 1294 1379 1338 non
1402 1273 1508 1341 minus

405 1393 488 1458 claro
515 1393 670 1470 enitescit.
717 1392 765 1468 Ut
796 1393 850 1477 qui
881 1392 1032 1457 diuturna
1062 1393 1112 1458 siti
1143 1393 1346 1470 laborarunt,
1378 1414 1506 1457 omnem

404 1513 577 1599 liquorem,
611 1535 705 1598 quem
740 1512 878 1597 primum
899 1513 1088 1598 reperiant,
1120 1513 1216 1586 aride
1241 1503 1444 1589 combibunt3
1476 1516 1508 1578 et

404 1634 550 1713 flamma,
575 1655 796 1718 quamcunque
818 1634 921 1718 possit
943 1633 1125 1711 materiam,
1149 1634 1271 1698 ambitu
1296 1655 1353 1699 suo
1376 1633 1509 1719 corripit

404 1755 437 1820 et
467 1754 687 1839 amplectitur,
718 1754 766 1819 ita
796 1755 896 1820 teneri
927 1753 1043 1832 animi,
1072 1775 1166 1818 aurae
1189 1753 1353 1820 divinioris
1375 1755 1506 1839 partiei-

403 1898 476 1960 pes,
509 1897 642 1941 acumen
669 1897 761 1940 suum
786 1876 826 1939 ad
848 1875 942 1939 obvia
964 1896 1105 1960 quaeque
1128 1874 1301 1960 applicant.
1348 1876 1505 1960 Protago-

403 2019 454 2062 ras
484 1997 608 2064 iuvenis
638 1997 757 2062 rictum
789 1997 960 2083 quaerebat
990 1985 1156 2079 portandis
1180 1995 1340 2069 oneribus.
1387 1996 1504 2062 Demo-

403 2118 500 2182 critus
522 2118 733 2206 Protagoram
754 2117 959 2204 gravissimae
977 2116 1127 2182 scientiae
1146 2117 1237 2204 quasi
1254 2119 1364 2185 natum
1385 2138 1505 2203 eogno-

403 2237 468 2315 vit,
492 2237 560 2305 riso
582 2236 744 2323 lignorum
767 2238 869 2316 fasee,
894 2238 934 2302 ab
956 2237 1018 2303 hoo
1040 2238 1121 2302 mira
1143 2238 1211 2301 arte
1230 2239 1422 2326 composito,
1441 2261 1504 2324 quo

403 2357 527 2422 facilius
550 2358 585 2422 in
609 2359 713 2443 capite
735 2361 887 2442 gestaret,
930 2358 1001 2443 Ego
1024 2334 1130 2424 sirex
1152 2361 1209 2423 aut
1234 2358 1303 2443 regi
1327 2381 1345 2423 a
1365 2360 1505 2428 consiliis

403 2502 520 2559 essem,
554 2501 622 2544 non
653 2500 776 2543 vererer
805 2479 910 2564 legem
938 2477 1037 2556 ferre,
1066 2500 1129 2563 qua
1159 2480 1238 2544 tales
1263 2479 1354 2565 pueri
1376 2480 1504 2565 publico

402 2603 509 2666 sumtu
532 2602 708 2677 alerentur,
733 2599 759 2664 si
782 2602 929 2685 parentes
954 2598 1155 2684 suppeditare
1177 2621 1245 2667 uon
1268 2605 1412 2685 possent,
1434 2624 1503 2667 om·

401 2746 519 2808 nosque
542 2727 576 2788 et
597 2722 733 2808 singuli,
757 2721 813 2807 qui
834 2720 1042 2805 reperissent,
1066 2719 1198 2784 nomina
1215 2720 1336 2786 deferre
1354 2722 1501 2788 iuberen-

358 2895 361 2902 .
401 2847 463 2910 tur.
510 2845 680 2910 Prodirent
710 2843 782 2922 sine
809 2842 905 2933 dubio
937 2843 1095 2918 oratores,
1127 2841 1182 2925 qui
1210 2841 1313 2926 legem
1342 2843 1503 2909 dissuade-

400 2967 490 3044 rent,
522 2965 557 3029 in
581 2965 641 3029 hac
663 2985 778 3052 nempe
800 2962 926 3048 privata
950 2961 1066 3026 civium
1089 2960 1310 3048 munificentia
1333 2964 1366 3026 et
1387 2962 1502 3027 libera-

400 3088 492 3154 litate
512 3087 618 3166 minus
640 3085 751 3154 utilem
774 3087 817 3150 et,
829 3082 1058 3168 necessariam,
1094 3080 1253 3166 Quidquid
1277 3082 1325 3146 illi
1343 3083 1502 3162 dicerent,

402 3230 525 3276 summa
547 3208 580 3272 vi
602 3207 826 3272 contenderem
849 3225 903 3268 eos
925 3201 1008 3266 nihil
1031 3202 1151 3280 dicere,
1172 3203 1270 3288 istum
1289 3202 1443 3290 honorem
1463 3204 1503 3269 ad

401 3349 602 3394 communem
625 3325 768 3390 omnium
790 3324 926 3409 patriam
948 3323 1121 3408 pertinere,
1147 3324 1197 3402 ct,
1221 3323 1271 3388 his
1287 3325 1503 3409 temporibus,

401 3472 443 3516 ne
465 3449 593 3522 urbium
616 3445 743 3532 quidem
765 3442 1006 3528 magistratibus
1028 3464 1095 3507 esse
1117 3442 1371 3528 relinquendum.
1419 3444 1501 3510 Olim

400 3571 529 3658 quidem
559 3566 733 3634 nonnullos
763 3565 824 3629 hoo
846 3563 956 3630 fecisse
978 3563 1122 3648 legimus.
1169 3563 1285 3629 Ioanni
1308 3562 1500 3658 Caligatori,

400 3695 438 3758 ut
467 3692 528 3758 hoc
555 3692 645 3767 uter,
679 3689 756 3752 nato
787 3709 815 3751 a.
840 3683 875 3751 (l.
908 3705 1038 3750 ucccxx
1060 3685 1246 3769 obtigerant
1267 3706 1421 3772 pauperes
1445 3709 1504 3773 pa-

399 3815 524 3890 rentes,
557 3810 682 3876 animus
717 3829 791 3874 vcro
824 3807 966 3880 discendi
995 3807 1074 3872 mire
1098 3807 1231 3892 cupidus
1254 3810 1287 3882 ct
1309 3807 1394 3881 felix.
1442 3806 1504 3874 Oo-

400 3934 492 4021 gnita
525 3932 673 3996 fortunae
704 3928 821 3994 iniuria
843 3929 1050 4014 magistratus
1073 3926 1285 3994 Lovanienaes
1308 3929 1390 4015 (erat
1419 3929 1504 3994 enim

398 4077 477 4145 puer
511 4050 731 4138 Louanieneis)
767 4049 974 4115 erudiendum
1011 4052 1219 4126 curaverunt,
1252 4052 1286 4114 et
1315 4049 1501 4137 ingenium,

398 4176 484 4264 quod
512 4175 548 4240 in
578 4172 703 4238 occulto
733 4171 895 4248 latuisset,
928 4166 1081 4235 laudabili
1104 4168 1237 4235 consilio
1261 4171 1295 4236 in
1319 4171 1422 4238 lucem
1445 4192 1502 4237 ro·

397 4299 520 4366 cerunt.
569 4361 572 4368 ,
693 4385 696 4389 ι

442 4419 602 4505 Borgerus
631 4414 782 4501 puerulus
812 4412 876 4478 iam
907 4408 1058 4475 distincte
1086 4410 1233 4496 legebat,
1258 4411 1419 4478 scribebat
1439 4414 1503 4479 ele-

396 4542 529 4629 ganter,
559 4538 595 4602 in
624 4557 688 4620 qua
718 4537 786 4599 arte
818 4529 1053 4618 ludimagister,
1086 4551 1149 4615 quo
1180 4531 1346 4610 utebatur,
1375 4535 1503 4600 tantum
