3338 5302
366 577 407 642 32
867 582 975 628 omno

368 779 491 844 tionem
514 774 690 851 eonferret,
713 773 830 838 ‘doosnt
851 770 947 835 binae
969 767 1056 834 illius
1072 763 1321 851 disputationes,
1339 762 1476 826 haee-de

370 898 517 963 Historia
540 896 762 980 Preqmote’oo,
786 891 843 956 illa
865 894 904 955 de
920 892 1007 978 fietis
1030 891 1063 954 ia
1086 887 1233 954 Historia
1260 883 1475 957 Orationibus,

371 1038 466 1084 aureo
500 1016 640 1102 praemio
674 1037 694 1078 a
728 1012 885 1080 Societate
918 1009 1120 1074 Harlemensi
1151 1009 1326 1072 decoratae.
1380 1002 1477 1069 (luins

373 1136 559 1223 disciplinae
590 1155 688 1220 quum
719 1133 884 1200 Professor
912 1133 1088 1207 crearetur,
1113 1128 1209 1213 idque
1231 1147 1347 1193 munus
1371 1125 1476 1210 auspi-

374 1261 498 1324 caretur
528 1256 672 1322 oratione
701 1257 740 1320 de
768 1254 931 1319 Historiae
953 1256 1091 1329 doctore,
1116 1251 1336 1315 Providentiae
1358 1249 1479 1312 divinoe

375 1381 577 1455 adminuere,
609 1375 730 1441 nemini
760 1373 892 1439 dubium
921 1371 1015 1450 feeit,
1048 1370 1126 1457 quin
1150 1391 1183 1438 se
1205 1367 1374 1453 Scaligeris
1396 1366 1479 1434 Vos·

376 1499 492 1584 siisque
514 1498 650 1582 dignum
673 1494 785 1560 fuisset
806 1494 1024 1579 praestitimus.

421 1619 498 1695 Quis
528 1639 602 1683 vero
633 1616 685 1682 vel
715 1615 866 1702 suspioari
895 1615 1069 1699 potuisset,
1102 1615 1236 1678 eundem
1264 1610 1427 1675 hominem
1449 1631 1483 1674 ee

378 1741 549 1825 aliquando
584 1737 743 1802 abdidisse
774 1736 809 1803 in
840 1735 1125 1820 oontemplationes
1155 1731 1292 1797 maxime
1323 1730 1483 1796 abstrusas

261 1861 263 1866 ’
378 1858 603 1944 Philosophiae
633 1861 666 1922 et
695 1856 948 1941 Metaphysioee,
979 1876 1078 1939 eoque
1108 1857 1225 1920 eventu
1249 1852 1423 1928 abdidisse,
1447 1853 1485 1915 ut

379 1982 454 2048 hino
478 1979 576 2046 etiam
598 1979 700 2044 vietor
723 1976 831 2041 laurea
852 1979 984 2042 ornatus
1007 1975 1184 2062 prodierit?
1222 1973 1363 2059 Borgero
1388 1992 1484 2057 puero

380 2104 414 2168 et
444 2100 642 2166 adolescente
672 2098 812 2166 Kantins
843 2118 969 2162 omnem
1000 2096 1066 2162 fere
1097 2095 1299 2163 Germaniam
1328 2094 1369 2158 ad
1396 2115 1486 2158 suam

383 2221 585 2305 disciplinam
607 2221 825 2296 converterat,
851 2221 964 2284 neotus
985 2219 1021 2283 in
1038 2217 1143 2303 patria
1163 2217 1259 2282 etiam
1275 2219 1385 2282 nostra
1403 2214 1487 2281 mul·

384 2347 435 2408 tos
469 2342 663 2419 imitatores,
699 2340 967 2424 admiratoresque
1000 2339 1227 2425 cupidissimos.
1286 2337 1406 2422 Oeptus
1441 2339 1489 2402 est

385 2463 481 2528 etiam
516 2461 684 2546 Borgerus.
739 2459 898 2544 Quidquid
928 2461 1009 2546 ipsi,
1040 2480 1107 2526 rem
1138 2459 1314 2525 aoonratius
1346 2457 1488 2523 oonside-

385 2584 489 2660 ranti,
521 2581 709 2668 probatum,
740 2603 867 2660 verum,
899 2585 932 2647 et
962 2585 1053 2649 acute
1084 2581 1276 2666 explicatum
1306 2580 1488 2659 videbatur,

387 2705 447 2772 hoe
470 2704 586 2769 seriore
608 2706 765 2788 tempore,
789 2725 848 2768 neo
871 2702 1114 2788 Wyttenbaohii
1137 2703 1266 2788 quidem
1286 2702 1490 2778 auctoritate,

388 2826 504 2893 omisit.
551 2822 613 2890 Sed
644 2846 742 2908 quum
773 2824 919 2908 deinceps
942 2825 1080 2910 primum
1103 2823 1260 2902 lichnus,
1285 2844 1359 2890 mox
1383 2823 1490 2890 Schel-

388 2947 525 3031 lingius,
557 2945 700 3010 barbaris
727 2945 873 3010 formulis
904 2967 988 3011 nova
1017 2945 1127 3011 deliria
1150 2949 1419 3032 superstruerentr
1443 2968 1491 3010 re·

388 3069 557 3153 captasque
580 3069 619 3130 de
640 3066 726 3144 Dee,
751 3068 791 3131 de
813 3067 959 3144 homine,
983 3067 1022 3131 de
1045 3067 1165 3131 mundo
1188 3084 1255 3132 non
1276 3069 1404 3144 nostro,
1425 3067 1493 3151 opi·

391 3188 502 3254 niones
525 3187 758 3265 convellerent,
783 3191 815 3252 et
838 3187 948 3264 nobis,
973 3210 1036 3272 qua
1059 3191 1152 3254 erant
1170 3188 1379 3266 liberalitate,
1400 3187 1495 3254 verba

282 3287 286 3296 ¹
390 3330 495 3373 rerum
530 3306 787 3390 gravissimarum
821 3307 1058 3391 relinquerent,
1098 3331 1147 3374 res
1180 3309 1265 3394 ipsas
1300 3309 1495 3384 adimerent;

391 3428 550 3512 Borgerus
573 3425 729 3510 gloriosae
752 3427 904 3496 novitatis
927 3427 1085 3504 studium,
1108 3432 1142 3493 et
1164 3429 1295 3494 taeitam
1314 3429 1350 3493 in
1368 3430 1495 3514 religio·

392 3570 467 3612 nem
491 3551 524 3612 et
548 3546 657 3612 divina
679 3550 849 3632 praecepta
871 3548 1124 3614 coniurationem
1148 3571 1276 3635 prorsus
1295 3550 1497 3637 improbavit.

439 3667 624 3752 Disputatio
647 3665 782 3751 Borgeri
805 3669 844 3731 de
867 3667 1072 3754 Mystieismo,
1097 3691 1116 3734 a
1139 3671 1290 3736 societate
1313 3670 1500 3756 Teyleriana

395 3811 472 3854 auro
496 3790 628 3865 ornata,
656 3789 712 3852 sed
734 3787 846 3870 quovis
869 3810 946 3854 auro
970 3790 1090 3868 carior,
1113 3795 1357 3858 monumentum
1379 3795 1429 3857 est
1451 3813 1500 3857 sa-

397 3908 556 3996 gaeissimi
577 3907 718 3993 ingenii,
743 3908 1019 3997 subtilissimique:
1044 3933 1102 3977 nee
1125 3911 1205 3978 seins
1228 3914 1337 3978 utrum
1359 3912 1412 3979 hio
1435 3935 1502 3976 ma-

396 4031 445 4118 gis
480 4029 652 4107 admirere,
695 4029 838 4095 veritatis
873 4033 1034 4109 studium,
1072 4054 1113 4098 en
1148 4033 1213 4098 vim
1247 4033 1501 4118 argumentandi.

398 4152 556 4220 Naturam
590 4149 726 4214 reeentis
760 4173 778 4214 e
812 4149 983 4218 Germania
1017 4153 1237 4240 philosophiae
1268 4153 1332 4220 suis
1363 4153 1504 4240 vestigiis

404 4302 569 4317 -—-—··

431 4375 511 4425 Biaae
527 4376 595 4426 illius
612 4377 796 4443 depurationes)
815 4378 928 4427 Societati
946 4379 1116 4429 Doctrinarum
1133 4379 1286 4430 Harlemensi
1299 4379 1391 4430 oblatae
1405 4398 1427 4430 a.
1442 4359 1504 4431 1'8'15

398 4460 422 4506 et
438 4459 509 4507 1818.
529 4458 577 4508 Illa
590 4460 619 4508 de
632 4459 699 4509 Hirr.
708 4463 830 4525 preparet.
845 4476 892 4510 nna
905 4477 960 4510 eum
973 4462 1041 4510 Orat.
1055 4461 1159 4521 aditiali,
1173 4477 1255 4513 recusa
1264 4463 1347 4527 Hegea
1356 4464 1422 4513 Gom.
1434 4467 1504 4515 1818.

399 4539 483 4589 Altera
501 4541 612 4593 Harlemi
629 4557 736 4592 seorsum
754 4541 779 4592 in
798 4543 876 4594 lnoom
892 4543 948 4593 date
964 4560 985 4594 a.
1004 4545 1077 4595 1820.
1137 4613 1139 4615 ¹
