3362 5296
672 1369 708 1433 P.
732 1367 917 1435 HOFMAN
941 1369 1205 1436 PEERLKAMP

903 1580 927 1628 S.
946 1581 974 1627 D.

413 1761 637 1836 GERARDO
658 1761 883 1835 eoNRADO
903 1763 1166 1838 BERNARDO
1189 1765 1465 1859 SURINGAR,

599 1981 759 2030 noeronls
777 1981 899 2029 MEDICI
916 1983 1059 2031 GRADUM
1078 1983 1289 2044 cAPnsanTl,

711 2080 737 2127 Α.
756 2080 784 2127 l).
804 2079 831 2126 II
850 2079 942 2127 IUNII
960 2079 1162 2129 MDGCGXXIV.

862 2274 1042 2286 ¹—-

474 2415 520 2480 Ul
542 2417 651 2478 ’tenera
674 2414 709 2477 in
732 2415 826 2478 nitidi
849 2417 938 2479 alans
961 2416 1055 2479 arbor
1078 2417 1222 2500 margine
1243 2419 1305 2482 rivi

518 2533 649 2599 Oeeullo
673 2534 799 2611 crescii,
824 2535 1066 2614 vendicandam,
1092 2538 1151 2601 die.

473 2655 580 2732 Tune,
604 2655 631 2718 si
652 2655 740 2718 illam
763 2653 865 2738 pulcri
886 2657 969 2721 soles
994 2658 1090 2739 atque
1116 2679 1194 2722 aura
1215 2659 1367 2737 salubris,

519 2775 562 2838 El
587 2797 700 2838 manus
723 2774 837 2838 artifici
861 2775 954 2838 doale
976 2776 1084 2840 labore
1106 2778 1214 2854 iuvat,

478 2893 590 2958 Induil
610 2895 646 2958 in
669 2895 782 2958 densos
805 2895 888 2957 iusto
913 2917 945 2958 se
966 2898 1109 2979 lampone
1131 2896 1245 2973 florea,

526 3015 664 3079 Miscens
687 3014 853 3098 purpureis
875 3014 943 3077 lilia
965 3037 1045 3079 aana
1070 3016 1158 3080 rosis.

482 3135 635 3199 Mirantes
657 3134 746 3198 laeili
770 3136 859 3198 stanl
881 3133 998 3198 circum
1020 3135 1152 3199 innoxia
1175 3138 1291 3220 publia,

528 3254 571 3317 Et
593 3254 702 3336 digitis
725 3257 896 3317 numerand
920 3254 1024 3318 dulcia
1046 3277 1142 3339 poma
1166 3256 1239 3320 suis.

481 3372 587 3457 Atque
609 3373 722 3455 aliquis
746 3395 918 3450 venerans,
943 3374 1050 3438 animo
1074 3377 1216 3440 maturus
1235 3380 1267 3440 et
1287 3377 1400 3454 annis,

524 3492 683 3569 Naturae,
708 3491 743 3554 in
766 3492 854 3556 cultu
878 3493 990 3570 divite,
1013 3495 1124 3558 laudal
1146 3517 1230 3579 opes.

479 3613 565 3677 Anle
587 3613 665 3676 alios
689 3612 825 3677 blandae
846 3613 996 3696 impletur
1019 3614 1211 3693 dulcedinis,
1235 3638 1254 3680 a
1277 3637 1339 3700 quo

522 3733 674 3817 Deposita
696 3734 774 3797 haee
797 3733 890 3798 arbor
913 3735 1045 3817 parvula
1068 3736 1159 3819 virga
1180 3736 1251 3800 fuit.

476 3852 585 3917 Talem
608 3856 640 3915 ie
662 3853 772 3936 primis
796 3856 988 3917 crescentem
1010 3855 1146 3919 vidimus
1171 3856 1282 3934 annia,

521 3971 698 4049 Bernarde,
722 3973 846 4056 ingenii
869 3974 941 4037 talis
964 3974 1072 4059 imago
1095 3976 1144 4039 lui
1167 3980 1225 4040 est.

474 4091 585 4155 Talem
610 4094 642 4155 le
665 4091 758 4156 viridi
780 4098 938 4158 monstras
960 4095 996 4158 in
1018 4095 1095 4159 flore
1117 4095 1284 4160 iuventae:

519 4211 629 4274 Talem
653 4214 685 4275 te
707 4212 808 4296 possit
831 4234 957 4279 eernere
980 4215 1077 4278 Laida
1099 4217 1222 4280 virum!

476 4331 537 4396 Illa
559 4352 616 4394 suo
638 4331 703 4394 iam
727 4353 831 4408 nune,
855 4334 888 4395 el
908 4333 993 4410 iure,
1017 4335 1185 4417 applaudit
1202 4334 1351 4411 alumno,

520 4450 563 4514 m
586 4473 693 4533 pressa
715 4452 750 4514 in
773 4451 883 4534 pulcro
906 4452 1034 4516 tramite
1058 4452 1150 4536 signa
1175 4456 1283 4530 nolam
