3362 5300
394 547 435 606 60
894 559 1002 607 caluo

394 745 536 810 consilia.
582 743 745 822 Audaces,
774 744 861 822 duri,
888 744 994 807 callidi
1016 747 1049 807 et
1072 745 1266 807 mercaturae
1289 740 1506 827 pecuniaeque

394 864 558 930 faciendae
588 864 673 930 avidi
703 863 866 942 homines,
898 865 999 928 maria
1027 857 1131 928 adhuc
1153 865 1268 948 ignota
1292 864 1502 947 aperuerunt,

394 988 428 1050 et
456 985 607 1049 barbaras
638 985 838 1050 immanitate
868 986 979 1068 gentes
1010 984 1216 1068 subegerunt.
1264 981 1504 1068 Circumspicite

393 1106 576 1190 incognitas
606 1105 694 1190 prius
721 1109 838 1183 terras,
863 1107 896 1169 et
919 1107 1027 1169 coetus
1050 1104 1216 1169 hominum
1241 1105 1308 1169 sine
1330 1103 1502 1188 religione,

394 1225 530 1305 virtute,
562 1225 641 1302 fide,
672 1225 811 1291 ferarum
842 1247 941 1311 prope
972 1226 1054 1302 ritu,
1086 1226 1281 1291 viventium!
1327 1224 1504 1290 Intuemini

394 1346 592 1425 Amerinam,
618 1347 707 1412 brevi
732 1349 887 1411 terrarum
908 1346 1053 1412 omnium
1073 1346 1208 1411 ocellum
1227 1344 1378 1410 futuram.
1421 1344 1501 1421 Quid

395 1467 478 1534 foret
500 1468 557 1532 illa
580 1467 649 1532 sine
672 1465 870 1550 Europaeis?

440 1587 502 1664 oui
532 1589 596 1654 ista
630 1587 806 1652 accuratius
842 1587 1106 1672 exploraverunt,
1140 1587 1315 1652 coniiciunt
1345 1610 1385 1653 ex
1415 1589 1502 1653 omni

395 1731 474 1776 auro
497 1713 529 1774 et
560 1711 712 1793 argento,
744 1710 829 1794 quod
863 1710 964 1774 tribus
994 1709 1059 1774 fere
1091 1708 1222 1773 saeculis
1252 1708 1328 1773 inde
1354 1708 1504 1793 legerunt

393 1830 568 1915 Europaei,
600 1831 627 1895 si
656 1831 693 1893 in
722 1852 820 1894 unam
852 1851 988 1895 massam
1021 1829 1227 1907 conflaretur,
1259 1829 1392 1913 globum
1416 1850 1501 1894 eom-

395 1953 536 2040 positum
569 1953 626 2029 iri,
659 1951 831 2016 habentem
862 1951 1052 2016 diametrum
1084 1950 1250 2034 octoginta
1283 1950 1401 2036 pedum
1432 1970 1501 2014 eum

395 2074 536 2141 dimidio.
583 2075 633 2141 Sit
663 2074 752 2160 globi
782 2073 867 2138 illius
897 2073 1087 2158 magnitudo
1110 2073 1207 2158 triplo
1232 2071 1350 2148 maior,
1376 2074 1502 2155 superet

396 2193 699 2272 Ohimboraconem,
735 2198 877 2261 montem
912 2195 948 2258 in
980 2193 1125 2259 Andibus
1157 2192 1355 2258 Americanis
1387 2191 1501 2256 altissi-

396 2338 501 2394 mum,
534 2319 602 2380 tam
633 2317 705 2380 vilis
735 2319 783 2380 est
814 2316 902 2380 omni
924 2315 985 2380 hoc
1010 2337 1086 2381 auro
1111 2335 1195 2380 nova
1218 2313 1381 2393 Amerioe,
1406 2336 1500 2399 quam

395 2435 553 2522 Europaei
576 2421 745 2520 propterea
768 2457 835 2500 non
859 2429 989 2501 ditiores
1011 2436 1089 2500 facti
1113 2437 1198 2500 sunt.

440 2557 521 2622 Auri
552 2559 647 2642 atque
670 2557 813 2642 argenti,
838 2557 916 2621 dicit
936 2557 1009 2635 ille,
1034 2557 1221 2642 diligentem
1244 2557 1321 2621 adeo
1345 2557 1499 2622 rationem

394 2679 554 2757 inierunt,
578 2678 723 2743 heminas
745 2681 778 2743 et
801 2679 896 2744 cados
918 2678 981 2743 fusi
1003 2678 1141 2763 turpiter
1163 2678 1329 2762 sanguinis
1352 2700 1420 2742 non
1442 2703 1499 2743 nu·

395 2803 575 2876 merarunt,
600 2799 724 2864 dolores
747 2802 779 2863 et
801 2800 958 2864 cruciatus
980 2799 1235 2865 innocentissimi
1258 2800 1384 2883 generis
1405 2801 1500 2864 silen-

394 2921 440 2985 tio
471 2921 712 3005 praeterierunt.
759 2919 836 2986 Non
867 2942 979 2986 excuso
1011 2921 1248 2999 crudelitatem,
1280 2923 1313 2985 et
1336 2920 1500 2986 avaritiam

393 3042 653 3127 Europaeorum,
689 3045 722 3106 et
756 3041 909 3107 scelerum
944 3064 1063 3128 poenas
1097 3041 1225 3126 repetiit
1261 3041 1317 3106 diu
1351 3037 1498 3127 oppressa

393 3186 492 3249 eoque
525 3163 744 3229 vehementius
776 3186 945 3248 erumpens
976 3163 1106 3228 libertas
1139 3201 1180 3210 —-
1213 3183 1271 3227 nec
1303 3163 1498 3247 impugnabo

392 3285 555 3349 laudatam
586 3287 683 3350 istam
712 3284 976 3350 Americanorum
1004 3283 1223 3349 innocentiam
1247 3283 1394 3367 vitaeque
1417 3284 1499 3348 inte-

393 3405 543 3488 gritatem
569 3443 610 3452 -
643 3408 692 3469 est
714 3405 799 3468 enim
824 3405 1008 3470 hominibus
1032 3427 1051 3469 a
1074 3407 1189 3469 nature
1212 3404 1344 3469 insitum
1369 3404 1499 3468 misero·

391 3546 460 3589 rum
494 3524 635 3588 studium
666 3561 707 3572 -
738 3524 793 3588 sed
824 3523 965 3590 divinam
996 3524 1234 3589 Providentiam
1266 3544 1418 3601 veneror,
1447 3523 1502 3608 qui

391 3645 541 3724 crimina,
571 3646 723 3710 vexandis
747 3645 977 3730 perdendisque
1000 3645 1149 3730 gentibus
1173 3649 1269 3724 nate,
1293 3647 1333 3710 ad
1356 3645 1500 3730 gentium

391 3768 526 3832 salutem
553 3767 729 3829 convertat.

435 3886 512 3952 Non
543 3885 701 3950 immerito
733 3887 882 3950 statuunt
904 3885 1071 3949 historiam
1094 3886 1165 3950 luee
1187 3886 1409 3972 philosophiae
1433 3907 1499 3952 esse

389 4005 630 4082 illustrandam,
665 4028 834 4091 rerumque
867 4028 978 4071 causas
1013 4010 1047 4070 et
1080 4029 1161 4091 quae
1195 4008 1298 4072 causis
1329 4010 1496 4086 tenentur,

389 4127 605 4214 indagandas,
641 4129 727 4191 unde
762 4127 917 4192 diseamus
947 4147 1045 4212 quare
1075 4130 1108 4192 et
1137 4149 1278 4214 quaeque
1310 4151 1360 4195 res
1391 4132 1499 4214 gestae

391 4253 475 4330 sint,
504 4250 537 4313 et
557 4247 593 4312 in
617 4249 779 4330 posterum
802 4247 870 4331 geri
892 4247 1026 4332 possint.
1072 4247 1216 4314 Ulterius
1238 4250 1398 4334 progressi
1422 4253 1499 4316 sunt

390 4373 464 4449 elii,
500 4373 532 4435 et
565 4367 730 4432 historiam
765 4368 989 4453 appellarunt,
1026 4369 1166 4453 eleganti
1201 4391 1276 4434 sane
1312 4372 1345 4434 et
1377 4390 1496 4456 magno

390 4492 534 4568 nomine,
567 4511 686 4554 meram
716 4488 970 4573 philosophiam,
1006 4494 1061 4556 sed
1091 4491 1243 4577 exemplis
1276 4493 1495 4577 compositam.
