3362 5296
573 601 605 647 ΙΝ
624 598 841 646 NAPOLEONTEM
861 599 998 644 MAGNUM.

751 848 809 913 IV.

322 1029 448 1096 Scilicet
469 1029 531 1092 hoc
553 1028 661 1092 deerat
683 1028 773 1092 vobis
797 1028 964 1103 animalia,
989 1047 1048 1089 neo
1071 1025 1135 1088 ianr

369 1149 493 1216 Gallica
516 1170 580 1232 quo
603 1149 711 1228 feritas
734 1149 957 1232 progrediatur
980 1147 1086 1210 habet.

323 1271 457 1337 Saevitis
480 1271 565 1334 ferro
589 1270 793 1353 gravidarum
817 1269 853 1333 in
873 1270 993 1333 viscera
1015 1270 1172 1342 matrum,

366 1391 481 1476 Figitis
504 1391 662 1468 infantes,
687 1390 787 1474 figitis
810 1411 884 1454 ense
907 1411 1006 1453 senes.

321 1511 347 1576 0
370 1533 451 1596 quae
473 1511 716 1596 magnanimum
740 1512 842 1575 virtus
865 1529 1020 1594 generosa
1041 1509 1196 1582 virorum,

368 1633 395 1697 0
418 1631 620 1716 Bonapartea
643 1632 742 1716 digna
764 1635 896 1716 tropaea
919 1629 1032 1694 domo!

324 1753 405 1829 Quid
416 1754 545 1837 loquor,
559 1755 616 1816 aut
626 1749 682 1816 ubi
693 1756 786 1816 sum?
798 1752 895 1828 Deus,
909 1750 1044 1834 adspicis
1055 1749 1128 1826 ista,
1142 1751 1295 1830 tuumque

370 1873 479 1940 Cessat
502 1875 542 1938 ab
565 1875 648 1937 irata
671 1873 793 1936 fulmen
812 1873 899 1936 abire
912 1873 1032 1935 manu?

324 1995 449 2072 Fallor,
474 2017 516 2058 an
538 1994 672 2058 infernis
695 1994 790 2058 rediit
812 1997 887 2057 trux
909 1992 995 2057 Alba
1017 1992 1174 2068 tenebris,

370 2115 525 2181 Saevitiae
547 2115 729 2179 instaurans
752 2115 838 2179 fecta
860 2096 992 2178 cruenta
1015 2115 1114 2177 suae?

328 2235 440 2305 Gaude
461 2237 623 2320 Hispane,
648 2237 724 2300 olim
747 2257 888 2300 summae
910 2234 1046 2298 feritatis
1067 2235 1193 2318 imago,

371 2358 551 2450 Napoleon
566 2361 690 2442 partem
714 2356 854 2422 oriminis
877 2356 971 2420 huius
994 2355 1102 2419 habet.

325 2479 455 2544 Haecne
477 2480 578 2564 igitur
602 2478 713 2543 Gallae
736 2478 863 2557 bonitas
887 2480 935 2542 est
956 2476 1053 2540 insita
1077 2476 1197 2552 menti,

370 2601 503 2666 Parcere
526 2600 571 2664 sio
593 2600 685 2665 victis
710 2620 788 2684 gens
812 2619 966 2684 generosa
989 2599 1093 2662 solet?

327 2722 345 2786 I
367 2745 470 2800 nunc,
495 2724 590 2806 atque
613 2741 713 2806 nega,
738 2722 764 2784 si
787 2720 857 2804 quis
880 2724 990 2784 tamen
1013 2721 1129 2784 audeat
1150 2717 1249 2793 illud,
1312 2714 1315 2718 ’

374 2842 538 2908 Gallorum
561 2843 662 2906 factas
686 2843 726 2906 ad
750 2842 851 2906 scelus
875 2863 968 2906 omne
990 2863 1114 2904 manus.

328 2963 410 3028 Ecce
431 2964 520 3030 venit
543 2964 695 3048 supplex,
724 2985 874 3046 sacraque
896 2962 932 3026 in
955 2965 1042 3026 veste
1064 2963 1227 3036 sacerdos,

373 3084 417 3149 Et
438 3085 524 3150 eadit
547 3087 622 3148 ante
644 3087 733 3162 tuos,
759 3085 827 3148 dira
850 3087 995 3160 caterva,
1019 3085 1123 3166 pedes.

328 3206 469 3284 Parcite,
495 3206 570 3269 dum
594 3207 728 3281 clamat,
753 3207 829 3268 dum
852 3203 971 3268 frustra
989 3203 1091 3266 multa
1110 3204 1273 3286 precatur,

277 3321 281 3328 ’
374 3327 478 3391 Hasta
500 3349 557 3411 per
579 3327 753 3391 innocuum
776 3324 894 3389 transit
920 3327 1032 3406 adacta
1053 3325 1149 3388 latus.

330 3447 457 3513 Scilicet
479 3448 540 3512 hoo
564 3450 691 3512 nostrae
714 3469 838 3514 munus,
854 3446 982 3530 pietatis
1005 3446 1168 3510 habemus.

374 3567 445 3632 An!
475 3568 609 3632 nimium
631 3568 786 3632 Hellandi
807 3588 886 3652 gens
909 3569 977 3632 sine
999 3567 1110 3632 fraude
1134 3589 1251 3630 sumus.

329 3689 440 3774 Nuper
462 3693 531 3753 erat
553 3687 683 3754 Batavis
707 3712 806 3773 quum
830 3692 943 3753 cedens
963 3687 1074 3753 Gallus
1093 3688 1133 3751 ab
1154 3687 1235 3763 oris,

375 3809 536 3876 Gauderet
558 3811 647 3894 turpi
669 3813 758 3874 tutus
781 3810 868 3874 abire
892 3810 980 3894 fuga.

330 3931 377 3995 At
398 3935 513 3996 vexata
536 3932 607 4008 diu,
630 3932 778 4015 iustoque
800 3931 930 3995 incensa
953 3929 1077 4007 furore,

376 4051 520 4116 Ardebat
541 4051 669 4116 turbam
692 4051 781 4135 plebs
804 4051 948 4135 iugulare
969 4070 1093 4135 vagam.

331 4173 407 4248 Quis
432 4195 488 4239 vos
511 4173 628 4258 eripuit
651 4173 733 4250 lete,
759 4173 968 4255 manibusque
991 4173 1111 4256 paratis

378 4294 500 4359 Gallica
521 4316 578 4379 per
601 4293 719 4358 medias
742 4312 891 4378 spargere
912 4293 1055 4356 membra
1077 4292 1166 4356 vias?

331 4416 394 4480 Pro
416 4414 506 4480 vobis
529 4414 625 4478 etiam
649 4413 801 4478 malesani
824 4414 991 4477 sumsimus
1014 4435 1118 4491 arma,

377 4535 421 4600 Et
442 4535 520 4620 luga
543 4537 622 4598 tunc
643 4556 699 4618 per
722 4556 780 4598 nos
802 4533 902 4598 libera
924 4536 1030 4599 uestra
1051 4533 1123 4598 fuit.
