3338 5302
644 606 683 650 ns
703 604 850 650 nouenae.
1264 585 1304 647 29

195 791 395 870 credibilem,
419 790 527 860 oeulos
551 792 583 854 et
606 791 746 857 mentem
770 809 873 854 meam
893 787 1016 872 vertigo
1037 792 1189 874 occupat,
1211 786 1301 873 quasi

194 936 234 980 ex
265 912 419 978 altissima
448 914 480 976 et
502 913 675 997 praerupta
698 932 777 996 rupe
800 910 835 974 in
857 910 955 974 imam
979 910 1096 976 vallem
1119 909 1301 995 despiciam.

189 1025 244 1102 'nx
267 1034 328 1098 hac
351 1031 509 1117 vertigine
532 1031 559 1096 si
581 1031 713 1116 paulum
737 1033 778 1098 ad
800 1053 851 1098 mo
875 1031 1014 1110 rediero,
1034 1034 1072 1096 nt
1089 1033 1128 1098 de
1144 1031 1304 1098 laudanda

194 1155 334 1221 hominis
368 1153 514 1220 doctrina
547 1151 688 1237 cogitare
723 1151 859 1237 possim,
895 1151 992 1218 verba
1026 1150 1155 1218 invenio
1191 1153 1302 1231 nulla',

195 1275 328 1362 quibus,
354 1274 432 1359 quid
455 1272 551 1340 velim
574 1275 608 1337 et
631 1272 780 1351 debeam,
804 1272 952 1338 indicem.

241 1396 359 1462 Veram
387 1392 544 1461 mehercle
567 1415 674 1461 rerum
697 1392 859 1462 vocabulis
881 1393 947 1460 vim
970 1393 1090 1460 ademit
1112 1394 1212 1459 nimia
1235 1416 1304 1460 mo-

196 1540 268 1582 rum
299 1519 482 1582 nostrorum
510 1515 650 1581 suavitas
674 1518 708 1579 et
730 1513 907 1599 elegantia,
932 1515 984 1579 cui
1006 1515 1169 1580 interdum
1191 1517 1305 1602 optimi

197 1637 331 1722 quique,
364 1636 462 1700 etiam
491 1635 604 1712 inviti„
635 1638 759 1720 parent.
809 1633 1012 1702 Mediocriter
1034 1636 1149 1721 aliquis
1172 1637 1208 1702 in
1231 1637 1304 1702 lite-

196 1780 303 1823 rarnm
334 1756 447 1826 studiis
478 1758 526 1820 est
549 1755 760 1822 exercitatus?
806 1754 1016 1822 Doctissimus
1039 1760 1179 1824 vocatur.
1227 1755 1305 1842 Spe-

196 1878 315 1946 oimina
345 1877 440 1942 huius
473 1877 708 1942 exercitationis
731 1877 772 1942 ad
795 1876 962 1944 hominum
985 1877 1135 1942 notitiam
1158 1877 1305 1964 profert?

196 1999 279 2068 Urbi
301 1998 453 2083 cuiusque
477 2001 509 2062 et
531 1997 594 2062 toti
616 1998 738 2083 patriae
762 2001 802 2065 de
823 1999 881 2063 illo
908 1999 1122 2084 gratulantur.
1168 1999 1305 2066 Felicem

199 2121 449 2198 adolescentem,
473 2118 610 2204 quihus
632 2139 725 2184 voces
747 2119 928 2204 intelligat,
952 2142 1011 2187 nec
1034 2142 1067 2187 se
1090 2141 1127 2186 eo
1149 2121 1214 2186 iam
1232 2143 1305 2206 per·

200 2241 323 2307 venisse
346 2242 457 2324 putet,
483 2240 569 2304 unde
591 2242 661 2303 toto
684 2239 772 2304 coelo
795 2241 902 2306 abest!
1309 2212 1312 2218 Ι

244 2360 326 2437 Quid
356 2359 435 2424 mihi
458 2381 545 2424 nunc
568 2359 630 2424 ista
653 2361 848 2425 consuetudo
873 2361 1017 2447 reliquit,
1042 2385 1105 2448 quo
1127 2365 1305 2452 Borgerum

197 2484 234 2548 in
257 2503 313 2548 suo
338 2501 464 2567 quoque
488 2481 653 2546 literarum
676 2501 792 2566 genere
816 2483 991 2548 extollam?
1030 2484 1135 2550 Nimis
1157 2486 1305 2572 intelligo

201 2626 298 2691 quam
320 2623 474 2688 pauperes
496 2622 556 2668 nos
578 2601 779 2674 fecerittam
799 2603 897 2670 effima
913 2605 1045 2670 laudum
1061 2606 1209 2692 largitio,
1227 2610 1304 2674 adeo
1415 2655 1416 2660 η

201 2729 239 2790 ut
267 2723 430 2790 silentium
453 2722 519 2800 fere
541 2723 577 2788 in
599 2723 735 2807 gloriam
758 2727 872 2790 vertat.
919 2725 1122 2805 Timanthes,
1148 2751 1247 2813 quum
1269 2730 1305 2794 in

199 2846 352 2914 sacrificio
375 2844 562 2932 Iphigeniae
585 2847 717 2910 cunctos
739 2846 897 2931 pinxisset
921 2850 1074 2927 moestos,
1097 2869 1225 2914 onmem
1245 2852 1304 2916 tri·

198 2967 304 3042 stitiae
338 2967 513 3051 imaginem
548 2970 776 3032 consumserat.
824 2969 930 3034 Patris
964 2970 1066 3055 igitur
1099 2972 1244 3052 voltum,
1269 2977 1306 3039 ut

200 3091 311 3154 narrat
341 3087 485 3166 Plinius,
511 3109 606 3172 quem
630 3088 727 3172 digne
750 3089 916 3154 ostendere
939 3111 1006 3154 non
1029 3095 1152 3176 posset,
1177 3093 1305 3158 velavit.

200 3209 307 3276 Satius
329 3209 463 3275 fortasse
486 3207 588 3288 foret,
612 3231 663 3276 me
686 3230 813 3295 quoque
836 3211 872 3274 in
894 3210 955 3275 hac
977 3215 1068 3297 parte
1088 3216 1306 3280 meaeoratio·

201 3331 252 3397 nis
283 3329 488 3400 Timanthem
518 3329 656 3408 imitari,
688 3333 721 3394 et
742 3330 804 3396 hoc
827 3330 898 3398 aliis
921 3331 1119 3419 relinquere,
1144 3338 1181 3400 ut
1203 3337 1307 3401 decla-

201 3454 292 3530 rent,
317 3475 413 3537 quam
436 3451 577 3538 graviter
600 3454 633 3516 et
655 3452 811 3516 concinne
834 3451 995 3538 Borgerus
1017 3477 1187 3540 personam
1204 3457 1308 3522 Theo·

202 3573 287 3660 logi,
311 3573 515 3660 Philosophi,
538 3572 692 3640 Historici
716 3577 748 3638 et
771 3573 905 3640 literati
929 3576 1125 3642 sustinuerit.

247 3693 295 3762 At
322 3695 349 3759 si
371 3716 430 3760 nec
453 3694 523 3760 velo
547 3693 722 3779 imaginem
744 3697 852 3778 tegere
875 3695 923 3760 fas
947 3700 1011 3773 est,
1037 3718 1096 3762 nec
1119 3697 1309 3782 pulcritudi-

203 3839 279 3882 nem
310 3815 434 3902 assequi
467 3814 610 3894 valeam,
641 3815 773 3879 tertium
795 3818 904 3880 tammn
927 3816 1006 3882 mihi
1030 3816 1177 3882 relictum
1198 3818 1309 3897 videa,

205 3941 243 4003 nt
273 3959 401 4022 nempe,
433 3958 497 4020 qna
519 3935 656 4020 possim,
680 3935 876 4001 adumbrem.
923 3936 986 4002 Hic
1008 3937 1088 4004 mihi
1111 3958 1227 4024 agmen
1249 3940 1310 4004 mi-

203 4058 347 4124 rantium
369 4057 420 4122 vel
443 4055 551 4142 potius
573 4056 815 4141 indignantium
837 4078 1001 4126 occurrere
1023 4059 1131 4125 video:
1166 4060 1228 4139 Te,
1252 4059 1311 4124 ho·

205 4179 342 4256 minem,
372 4177 458 4243 vitae
486 4177 730 4244 tabernaculum
759 4178 795 4244 in
822 4179 923 4263 literis
945 4187 1137 4278 ppnentem,
1160 4183 1249 4267 loqui
1273 4186 1312 4247 de

205 4297 397 4384 Theologia,
420 4301 459 4366 de
482 4297 690 4384 Philosophia
713 4298 847 4385 aliisque
870 4300 1060 4388 disciplinis!
1093 4303 1139 4371 Te
1161 4302 1312 4371 iudicium

246 4571 280 4622 Ut
297 4575 385 4623 nanae
402 4571 509 4637 fusim)
545 4569 612 4623 Hirr.
630 4571 688 4620 Not.
708 4572 805 4620 XXXV.
825 4573 863 4626 10.
