3362 5296
602 593 751 640 ΜΑΤΤΗΙΑΕ
773 591 898 642 VRlESlO.

245 773 407 861 Quidquid
430 776 516 859 agii,
539 775 686 841 iuvenem
710 779 854 863 placidae
877 803 940 865 pax
963 803 1058 848 aurea
1081 781 1214 858 meniis,

469 896 643 963 Parendum
668 921 756 964 amor
779 900 854 964 beai
878 902 910 965 et
932 899 1007 977 Dei;

244 1016 440 1105 Quocunque
462 1019 598 1097 incedit,
622 1020 731 1085 laudes
755 1023 787 1086 et
809 1024 885 1087 vota
908 1021 1065 1088 bonorum

470 1141 603 1208 Gresaus
627 1146 804 1228 sequuntur
825 1145 978 1210 omnium.

243 1263 319 1329 Non
342 1262 485 1327 animum
507 1262 582 1328 huic
605 1267 724 1329 vexant
747 1266 848 1331 tristis
871 1267 1000 1332 fastidia
1023 1267 1126 1345 vilae,

350 1437 354 1442 .
469 1384 535 1449 Nec
558 1387 710 1470 temporis
734 1388 877 1472 queritur
899 1410 1031 1454 moram.

242 1501 365 1569 Sufficit
388 1504 455 1590 ipse
478 1505 556 1584 sibi,
581 1529 655 1570 suus
679 1511 743 1584 esi;
767 1509 934 1593 patriaque
957 1509 1090 1595 focoque

474 1626 531 1692 Nil
554 1627 676 1692 dulcius
699 1627 731 1693 N
733 1630 929 1695 cerlandieo:

242 1747 321 1826 Hic,
346 1748 401 1812 ubi
424 1769 615 1832 magnorum
639 1749 740 1814 virius
765 1751 901 1816 surrexit
925 1773 1056 1816 avorum

468 1869 580 1934 Taaiio
603 1871 714 1954 vigens
738 1871 885 1948 silenti03

243 1990 324 2053 Tum
348 1991 407 2054 soli
428 1993 607 2054 monstrata
631 2012 730 2068 novo,
755 1993 846 2058 saeua
868 1993 963 2058 unica
986 1994 1099 2058 mundi

465 2110 631 2196 Stupenlia
656 2111 834 2177 admiralio.

243 2229 348 2297 Dicite
370 2229 484 2325 felices
500 2230 639 2310 animae,
664 2230 769 2296 felicia
791 2233 887 2317 prisci

470 2349 537 2416 Vos
561 2351 656 2417 dicite
679 2354 748 2418 aevi
771 2355 932 2437 germina,

243 2471 326 2548 Quid
351 2472 497 2536 dominos
521 2473 627 2558 potuit
650 2473 751 2538 fastus
774 2476 988 2554 contundere,
1011 2476 1105 2542 Ibera

469 2591 588 2657 Levare
610 2593 701 2658 collis
722 2594 873 2660 vincula?

244 2712 307 2782 Gur
337 2713 500 2779 Thamesis
530 2715 711 2800 trepidante
738 2716 874 2781 revolvit
901 2717 941 2780 ab
965 2717 1256 2801 aquamanus,

468 2835 653 2920 Fraclisquc
674 2836 774 2920 pallei
794 2837 967 2901 cornibus?

242 2955 309 3020 Aut
332 2978 420 3020 arma
442 2955 577 3022 infesiae
600 2957 711 3021 manui
734 2957 877 3021 victricia
899 2957 1024 3022 Franco

470 3081 610 3146 Excussa
633 3079 732 3147 Xerxi
751 3080 925 3146 decidunt?

243 3204 370 3270 Nomen
393 3205 433 3270 ad
455 3202 626 3288 Hesperios
649 3203 866 3269 Ncerlandum
890 3206 923 3268 ei
945 3226 1063 3269 nomen
1087 3204 1171 3272 Eoos

469 3323 534 3390 Our
556 3327 662 3408 spreia
684 3324 774 3389 fertis
796 3325 909 3390 natio?

244 3444 326 3522 Quid
348 3444 449 3510 Musis
471 3445 564 3510 Latio
588 3445 732 3530 profugis
756 3447 957 3531 splendentia
979 3451 1100 3534 templa

469 3565 566 3650 Pigra
588 3567 624 3629 in
647 3567 762 3652 palude
786 3568 953 3632 condidit?

243 3686 314 3752 Hoc
334 3686 477 3771 placidae
500 3687 601 3771 pietas
624 3687 711 3751 intra
733 3686 909 3771 penetralia
933 3687 1068 3768 Vestae,

469 3806 601 3882 Laboris
624 3807 686 3872 hoc
708 3808 833 3893 patiens
856 3829 988 3896 manus,

244 3927 315 3992 Hoc
338 3926 471 4011 simplex
494 3927 561 3992 viia
583 3929 620 3991 in
642 3949 739 3992 censu
763 3949 829 3992 non
852 3949 990 4014 paupere
1013 3929 1108 4010 fecii,

471 4047 604 4133 Suisque
627 4069 717 4112 mens
739 4049 827 4114 dives
850 4050 953 4115 bonis.

245 4169 335 4234 {lunc
358 4157 540 4235 libertalem
563 4168 673 4233 officiis
706 4169 906 4255 populusque
929 4175 1098 4257 patresque

469 4290 606 4356 Iunxere
628 4291 734 4356 vinclo
757 4291 904 4370 amabili,

245 4411 288 4476 Ec
310 4412 449 4478 frondem
472 4411 608 4476 ornabar
631 4411 752 4476 sincera
773 4412 945 4491 modestia,
970 4435 1028 4478 nec
1051 4436 1119 4478 mos

470 4532 598 4596 Bonum
620 4532 737 4610 videri,
761 4531 847 4597 haud
870 4555 953 4610 esse,
978 4537 1055 4598 erat.

1196 4659 1227 4708 14
