3338 5302
385 538 426 603 at
885 553 995 598 omno

385 743 422 804 ut
452 741 586 824 utruque
616 759 715 803 manu
745 759 876 802 manum
906 739 1050 801 dextmn
1082 736 1283 821 complexus,
1313 736 1350 800 in
1380 740 1487 822 poste·
1588 798 1590 804 .

382 882 454 926 rum
478 861 562 924 diem
583 862 625 923 ad
645 880 777 924 ooenam
799 858 985 942 promittere
1005 857 1138 922 iuberet

428 980 568 1046 'lantum
603 979 801 1045 auctoritatis
831 979 930 1043 dabat
959 957 1008 1042 illi
1039 979 1159 1064 gloria,
1190 980 1244 1064 qui
1273 983 1345 1042 turn
1375 978 1488 1044 Lector

383 1105 453 1166 erat
482 1124 588 1166 saerae
606 1100 884 1178 Hermeneutioes,
909 1104 943 1165 et
964 1101 1017 1164 vix
1036 1123 1139 1165 annos
1157 1100 1299 1185 quinque
1319 1104 1351 1163 et
1370 1102 1486 1185 viginti

382 1223 538 1288 habebat!
586 1222 651 1288 Vos
674 1226 837 1307 reputate,
861 1244 957 1306 quam
980 1223 1149 1307 populares
1172 1223 1222 1286 sni
1241 1223 1368 1287 eumin
1388 1224 1486 1288 oeulis

381 1345 537 1421 tulerint,
580 1366 679 1428 quum
716 1343 880 1408 Professor
914 1347 982 1408 erat
1016 1343 1209 1429 'theologiae
1244 1347 1277 1408 et
1310 1344 1485 1410 identidem

381 1485 511 1528 aureum
542 1485 706 1526 nummum
734 1462 893 1528 vincebat
939 1460 1107 1529 Adventus
1137 1465 1173 1527 iu
1203 1463 1338 1529 Frisium
1361 1466 1484 1531 ovatio·

380 1607 453 1650 nem
485 1587 646 1668 quandam
675 1583 843 1648 referebat.
889 1582 1016 1649 Nautae
1045 1587 1078 1649 et
1100 1585 1229 1670 aurigae
1252 1586 1349 1670 vulgo
1373 1608 1483 1651 narra·

379 1707 477 1783 bant,
519 1704 615 1782 Heri,
658 1705 774 1770 nudius
808 1706 938 1784 tertius,
970 1705 1147 1791 Borgerum
1178 1708 1258 1771 vexi.
1293 1746 1334 1754 —
1364 1705 1483 1793 Digitis

379 1831 634 1911 praetereuntem
664 1826 905 1905 monstrabant,
937 1827 1083 1891 certatim
1106 1830 1147 1890 ad
1170 1827 1344 1912 hospitium
1363 1829 1482 1894 invita·

378 1947 476 2026 bant,
508 1945 665 2013 honorem
694 1948 792 2011 istum
822 1946 884 2011 sibi
906 1947 1044 2012 invicem
1066 1947 1273 2024 invidebant,
1297 1949 1482 2034 ingeniique

378 2071 411 2132 et
433 2071 550 2134 amoris
572 2089 649 2154 erga
670 2068 779 2133 literas
801 2067 980 2132 habebatur
1002 2068 1253 2145 commendatio,
1272 2068 1301 2132 si
1320 2069 1391 2153 quis
1411 2070 1481 2155 glo·

378 2188 454 2252 riari
471 2194 595 2274 posset,
614 2189 792 2275 Borgerum
811 2191 902 2253 adse
920 2209 1062 2254 mensem
1081 2189 1281 2252 dimidiatum
1301 2192 1479 2255 devertisse.

423 2307 509 2374 Novi
530 2309 711 2387 hominem,
736 2310 853 2375 multos
873 2332 969 2394 equos
989 2310 1177 2388 habentem,
1196 2310 1365 2394 inquibus
1381 2334 1479 2378 unum

377 2431 470 2494 tenta
491 2430 665 2508 eeleritate,
685 2435 722 2494 nt
745 2429 844 2508 nihil,
868 2431 979 2509 eredo,
1003 2432 1043 2495 ad
1067 2431 1154 2496 hune
1172 2454 1288 2515 equum
1307 2433 1404 2498 fuerit
1419 2456 1479 2499 no-

377 2551 548 2616 bilissimus
570 2551 625 2616 ille
647 2550 760 2635 Magni
782 2549 957 2614 Alexandri
974 2550 1184 2634 Bucephalus.
1231 2551 1264 2617 Is
1282 2574 1380 2637 equus
1400 2577 1478 2639 qua-

376 2675 425 2736 ter
447 2670 596 2756 Olympia
618 2669 736 2736 lhisioa
758 2670 893 2750 vicerat,
918 2692 994 2749 neo,
1019 2674 1057 2735 ut
1078 2669 1248 2738 Ennianus
1270 2673 1325 2738 ille

715 2794 797 2856 unm
819 2792 958 2877 confecta

374 2913 564 2999 quiescebat.
595 2912 786 2978 Sedebamus
808 2911 979 2997 aliquando
1003 2914 1098 2976 amioi
1119 2917 1152 2978 et
1171 2914 1342 2981 familiares
1360 2918 1395 2982 in
1415 2919 1475 2982 eir-

374 3036 464 3114 euto,
488 3036 654 3119 praesente
675 3033 771 3098 etiam
794 3031 953 3118 Borgere,
977 3033 1072 3098 vanis
1095 3035 1249 3101 derebus
1272 3038 1472 3117 disserentes,

374 3159 408 3221 et
429 3154 560 3221 tandem
583 3154 755 3239 aliquando
777 3154 813 3218 in
835 3175 932 3238 equos
955 3176 1057 3219 sermo
1080 3155 1211 3237 incidit,
1232 3181 1367 3242 quorum
1387 3183 1477 3226 men-

373 3277 495 3342 tionem
524 3296 591 3340 non
621 3297 704 3340 unus
733 3275 799 3338 iam
829 3297 920 3358 saepe
944 3275 1154 3341 lacessiverat
1201 3277 1263 3345 Hie
1286 3302 1396 3346 omnes
1419 3282 1475 3346 do-

374 3399 497 3464 minum
518 3395 695 3480 Buoephali
717 3393 865 3459 laudibus
889 3415 1037 3461 onerare:
1084 3397 1155 3463 Nae
1178 3401 1214 3463 tu
1238 3401 1287 3466 vir
1309 3424 1361 3467 es:
1405 3402 1477 3467 'libi

373 3539 467 3584 nemo
491 3539 549 3602 par
570 3519 628 3580 est.
675 3513 816 3580 Stultum
839 3515 894 3599 qui
912 3517 1017 3581 tecum
1036 3518 1175 3583 stadium
1195 3521 1410 3606 ingrediatur!
1433 3561 1472 3572 -

372 3638 425 3705 Ad
447 3639 526 3703 haee
549 3635 713 3714 dominus,
739 3635 880 3700 subirato
903 3638 937 3702 et
957 3659 1058 3722 paene
1081 3642 1242 3707 stentorea
1265 3663 1358 3708 vooe:
1385 3643 1473 3729 llgo,

372 3760 418 3825 ita
447 3781 499 3826 me
524 3757 567 3824 Di
596 3757 750 3843 perdant,
781 3759 903 3836 neseio,
935 3782 1016 3844 qnae
1045 3784 1101 3837 vos
1131 3763 1333 3849 intemperies
1364 3767 1473 3851 agitet.

372 3880 471 3947 Stulti
488 3879 580 3956 estis,
601 3879 656 3963 qni
674 3878 753 3941 mihi
772 3879 920 3944 tribuatis
938 3881 1107 3960 virtutem,
1126 3904 1207 3967 equo
1219 3907 1289 3951 meo
1301 3888 1472 3972 propriam.

372 3999 416 4065 Et
445 4022 519 4066 vero
550 4001 618 4084 ipse
647 3999 790 4066 omnium
821 4001 882 4065 sim
911 4003 1133 4082 stultissimus,
1164 4005 1192 4068 si
1213 4007 1247 4071 id
1269 4008 1471 4092 superbirem.

372 4120 454 4188 Eoos
480 4119 567 4186 Elias
597 4121 723 4200 noster,
755 4142 811 4186 suo
841 4123 910 4206 ipse
938 4123 1084 4206 ingenio,
1109 4145 1165 4188 suo
1189 4125 1311 4206 labore,
1336 4152 1394 4194 sua
1416 4131 1472 4196 do·

371 4242 475 4308 utrina
502 4241 690 4326 :reportavit
730 4263 879 4308 nummos
920 4243 1057 4325 quatuor
1095 4265 1216 4311 aureos.
1263 4287 1303 4298 -
1344 4251 1474 4336 Ingenti

403 4495 526 4545 &siam
541 4496 595 4558 ille>
630 4496 700 4562 Apud
718 4497 856 4576 Cieeronem
875 4497 904 4546 de
921 4497 1012 4548 Ssueet
1031 4498 1053 4549 t.
