3362 5300
393 543 433 612 84
892 557 1000 608 oacrio

393 746 554 836 praeclare
596 747 704 832 gestae
739 745 935 812 conscientia
968 744 1102 811 tacitum
1137 744 1253 822 animis
1288 746 1432 835 vigorem
1468 751 1500 816 et

392 868 599 955 tranquillam
622 866 835 946 alacritatem,
859 867 982 952 optima
1005 866 1147 935 discendi
1167 868 1368 950 adiumenta,
1389 872 1497 938 conci-

391 989 493 1056 liabit.

437 1111 592 1191 Nescitis,
623 1109 738 1196 optimi
768 1109 1000 1188 adolescentes,
1035 1109 1061 1174 si
1093 1109 1148 1195 qui
1179 1109 1232 1176 hic
1262 1112 1396 1192 adestis,
1421 1138 1496 1182 nam

391 1233 481 1299 nulla
503 1232 593 1300 video
617 1231 765 1298 militum·
778 1229 936 1314 insignia,
961 1229 1107 1309 nescitis,
1131 1231 1245 1315 quanti
1265 1237 1420 1302 momenti
1438 1261 1496 1303 ne·

389 1356 512 1442 gotium
552 1354 699 1421 feceritis.
753 1351 866 1419 Dicam
911 1350 1075 1436 equidem,
1119 1355 1152 1416 et
1194 1352 1263 1418 sine
1307 1355 1495 1442 ambagibus

389 1476 511 1555 dicam,
535 1475 610 1561 quia
632 1496 689 1540 vos
713 1474 834 1539 nullam
857 1472 934 1538 hinc
956 1473 1086 1538 sumetis
1106 1474 1296 1559 superbiam.

432 1595 538 1662 Ardor
567 1597 600 1660 et
630 1594 786 1680 impetus,
808 1615 871 1679 quo
894 1593 1031 1658 neminis
1053 1595 1232 1679 exemplum
1255 1601 1492 1682 exspectantes,

386 1717 495 1785 statim
527 1717 610 1783 ultro
641 1716 681 1782 ad
712 1738 800 1783 arma
831 1715 1044 1794 convolastis,
1078 1715 1212 1781 aliorum
1236 1739 1361 1804 qnoque
1387 1725 1492 1790 studia

386 1838 566 1907 commovit.
614 1839 758 1905 Modesto
780 1840 940 1924 parendo,
964 1836 1104 1902 aedium
1128 1841 1162 1902 et
1183 1860 1306 1904 moram
1325 1843 1426 1909 amice
1444 1845 1491 1910 fe-

383 1961 499 2040 renda,
529 1983 597 2026 rem
627 1959 797 2024 militarem
826 1958 997 2044 diligenter
1019 1959 1228 2039 addiscendo,
1252 1961 1316 2026 iam
1339 1963 1375 2028 in
1398 1965 1491 2030 clari-

383 2084 528 2151 tudinem
559 2081 782 2169 perveneratis.
830 2079 898 2146 Has
930 2080 1064 2146 virtutes
1094 2081 1182 2146 omni
1211 2082 1297 2148 vitae
1323 2083 1491 2152 honestate

383 2203 563 2270 ornavistis.
612 2203 716 2279 Quum
745 2204 888 2288 legatus,
919 2201 974 2287 qni
1003 2201 1039 2265 in
1070 2205 1175 2267 vestro
1208 2224 1307 2269 cornu
1339 2207 1488 2287 curabat,

381 2346 438 2390 vos
467 2324 514 2389 ita
544 2325 690 2409 cognitos
718 2324 754 2389 in
784 2322 939 2408 proelium
968 2322 1121 2400 ducebat,
1152 2324 1238 2389 totos
1267 2325 1333 2390 dies
1366 2330 1399 2391 et
1427 2351 1487 2394 no-

382 2448 447 2513 ctes
485 2445 554 2511 sine
588 2444 693 2529 quiete
727 2447 761 2509 et
796 2464 931 2522 somno,
967 2443 1036 2508 sine
1070 2443 1140 2508 cibo
1175 2446 1209 2508 et
1240 2447 1338 2530 potu,
1369 2447 1404 2512 in
1427 2449 1487 2514 im·

380 2567 490 2633 bribus
541 2570 574 2631 et
630 2566 753 2644 calore,
801 2564 953 2650 intrepidi
999 2564 1146 2650 periculis
1192 2566 1320 2633 obviam
1363 2569 1485 2650 ivistis,

380 2689 499 2756 multos
530 2687 638 2758 hostes
668 2686 844 2764 occidistis,
876 2685 984 2771 plures
1010 2685 1155 2771 cepistis,
1179 2687 1315 2753 rusticos
1337 2692 1371 2754 et
1392 2691 1483 2777 oppi-

381 2809 482 2874 danos
523 2808 639 2894 Belgas
681 2807 882 2872 humanitate
923 2810 1029 2872 vestra
1071 2806 1268 2872 sublevastis.
1323 2809 1482 2891 Tandem,

379 2929 493 2996 balteis
535 2930 736 2996 inimicorum
778 2929 975 2995 devictorum
1009 2929 1121 3008 cincti,
1157 2930 1220 3007 ita,
1256 2931 1346 3015 quasi
1380 2933 1480 3013 nihil,
1648 2975 1649 2986 ,

379 3053 440 3118 nisi
468 3053 571 3118 officio
595 3051 717 3131 functi,
740 3050 888 3116 rediistis.
917 3049 1033 3116 Functi
1057 3051 1130 3115 estis
1153 3050 1256 3116 officio
1279 3054 1402 3132 vestro,
1428 3055 1481 3120 sed
1519 3029 1521 3034 ,
1648 3043 1649 3060 ¹

334 3235 337 3241 .
379 3175 469 3260 grau
503 3179 536 3241 et
566 3175 704 3252 difficili,
737 3175 788 3239 cui
819 3174 1006 3240 sustinendo
1038 3175 1104 3236 tam
1134 3195 1226 3258 pares
1256 3196 1322 3239 esse
1351 3175 1480 3243 iuvenes

377 3293 599 3373 Academicos,
624 3295 789 3362 universus
813 3295 1029 3360 admirabatur
1055 3293 1228 3373 exercitus,
1253 3295 1331 3361 adeo
1355 3299 1393 3364 ut
1414 3321 1482 3364 om-

376 3414 466 3479 nium
497 3415 595 3480 animi
626 3415 838 3480 aemulatione
870 3415 1127 3481 accenderentur.
1175 3414 1261 3491 Quae
1288 3439 1338 3482 res
1362 3423 1395 3485 et
1418 3423 1482 3485 sta·

375 3535 435 3601 tim
469 3535 638 3601 utilissima
671 3535 749 3615 fuit,
785 3537 818 3601 et
852 3556 976 3621 semper
1009 3535 1126 3621 ubique
1160 3537 1326 3621 ingentem
1356 3539 1481 3606 laudem

374 3656 524 3724 habitura
558 3660 615 3722 est.
662 3656 757 3723 Hanc
792 3656 882 3721 vobis
916 3655 1030 3722 tribuit
1058 3678 1114 3722 rex
1145 3655 1351 3738 Guilielmus,
1383 3682 1480 3747 quum

374 3779 481 3863 copias
516 3780 591 3864 post
624 3778 760 3844 reditum
793 3778 951 3857 lustrans,
987 3799 1044 3843 vos
1084 3779 1336 3864 contemplatus,
1372 3782 1480 3848 beatos

374 3899 571 3984 praedicaret
605 3901 771 3985 parentes,
807 3899 863 3984 qui
897 3899 977 3964 tales
1012 3903 1231 3985 procreassent
1265 3901 1364 3968 filios:
1396 3906 1479 3972 hanc

374 4019 523 4105 princeps
546 4018 809 4100 Arausionensis,
833 4021 937 4085 vester
954 4021 1009 4086 ille
1028 4021 1093 4085 dux
1112 4022 1145 4084 et
1166 4041 1270 4087 comes
1290 4030 1477 4110 perpetuus,

373 4146 457 4213 hanc
481 4144 597 4211 caeteri
619 4141 717 4228 legati
741 4143 774 4206 et
797 4143 909 4221 duces,
934 4142 1018 4207 hanc
1041 4143 1109 4208 tota
1132 4144 1246 4229 patria.

416 4267 461 4332 Et
495 4262 674 4342 miramini,
701 4275 778 4326 nam
810 4263 919 4329 mirati
949 4263 1041 4342 estis,
1074 4286 1130 4329 cnr
1152 4265 1258 4351 ignoti
1290 4290 1415 4372 quoque
1446 4273 1479 4336 et

369 4385 546 4472 peregrini,
588 4383 614 4450 si
653 4385 793 4448 vestrum
836 4383 973 4469 aliquem
1016 4383 1179 4466 viderent,
1214 4387 1290 4454 huic
1324 4391 1478 4458 continuo

367 4530 466 4578 manu
488 4508 632 4597 arrepta,
656 4502 917 4592 gratularentur?
962 4503 1086 4595 Ecquid
1110 4507 1294 4595 intelligitis
1316 4511 1477 4596 publicam
