<?xml version="1.0" encoding="UTF-8"?>
<!DOCTYPE html PUBLIC "-//W3C//DTD XHTML 1.0 Transitional//EN"
    "http://www.w3.org/TR/xhtml1/DTD/xhtml1-transitional.dtd">
<html xmlns="http://www.w3.org/1999/xhtml" xml:lang="en" lang="en">
 <head>
  <title>
</title>
<meta http-equiv="Content-Type" content="text/html;charset=utf-8" />
  <meta name='ocr-system' content='tesseract 3.04.00' />
  <meta name='ocr-capabilities' content='ocr_page ocr_carea ocr_par ocr_line ocrx_word'/>
</head>
<body>
  <div class='ocr_page' id='page_1' title='image "./opusculaoratori00peergoog/opusculaoratori00peergoog_0234.png"; bbox 0 0 3362 5296; ppageno 0'>
   <div class='ocr_carea' id='block_1_1' title="bbox 461 936 1172 1168">
    <p class='ocr_par' dir='ltr' id='par_1_1' title="bbox 461 936 1172 1168">
     <span class='ocr_line' id='line_1_1' title="bbox 552 936 1087 1010; baseline 0.009 -4"><span class='ocrx_word' id='word_1_1' title='bbox 552 936 588 1006; x_wconf 93' lang='lat' dir='ltr'>P.</span> <span class='ocrx_word' id='word_1_2' title='bbox 613 940 798 1006; x_wconf 75' lang='lat' dir='ltr'><strong>HOFM‘AN</strong></span> <span class='ocrx_word' id='word_1_3' title='bbox 821 939 1087 1010; x_wconf 78' lang='lat' dir='ltr'>PauRLKAMP</span> 
     </span>
     <span class='ocr_line' id='line_1_2' title="bbox 461 1091 1172 1168; baseline 0.007 -5"><span class='ocrx_word' id='word_1_4' title='bbox 461 1091 848 1165; x_wconf 84' lang='lat' dir='ltr'><strong>ABRAHAMO</strong></span> <span class='ocrx_word' id='word_1_5' title='bbox 892 1093 1172 1168; x_wconf 82' lang='lat' dir='ltr'><strong>VRIESIO</strong></span> 
     </span>
    </p>
   </div>
   <div class='ocr_carea' id='block_1_2' title="bbox 558 1263 1085 1312">
    <p class='ocr_par' dir='ltr' id='par_1_2' title="bbox 558 1263 1085 1312">
     <span class='ocr_line' id='line_1_3' title="bbox 558 1263 1085 1312; baseline 0.013 -13"><span class='ocrx_word' id='word_1_6' title='bbox 558 1263 612 1299; x_wconf 73' lang='grc' dir='ltr'>ΤΔΗ</span> <span class='ocrx_word' id='word_1_7' title='bbox 620 1263 685 1300; x_wconf 74' lang='lat' dir='ltr'>vnsso</span> <span class='ocrx_word' id='word_1_8' title='bbox 695 1264 769 1312; x_wconf 68' lang='lat' dir='ltr'>QUAM</span> <span class='ocrx_word' id='word_1_9' title='bbox 778 1265 866 1301; x_wconf 70' lang='lat' dir='ltr'>varam</span> <span class='ocrx_word' id='word_1_10' title='bbox 874 1265 954 1302; x_wconf 74' lang='lat' dir='ltr'>mco</span> <span class='ocrx_word' id='word_1_11' title='bbox 963 1266 1063 1302; x_wconf 75' lang='lat' dir='ltr'><strong>AMICUS·</strong></span> <span class='ocrx_word' id='word_1_12' title='bbox 1084 1303 1085 1306; x_wconf 74' lang='grc'>,</span> 
     </span>
    </p>
   </div>
   <div class='ocr_carea' id='block_1_3' title="bbox 381 1379 1257 1664">
    <p class='ocr_par' dir='ltr' id='par_1_3' title="bbox 381 1379 1257 1664">
     <span class='ocr_line' id='line_1_4' title="bbox 381 1379 1257 1466; baseline 0.005 -23"><span class='ocrx_word' id='word_1_13' title='bbox 381 1379 417 1443; x_wconf 73' lang='lat' dir='ltr'>Si</span> <span class='ocrx_word' id='word_1_14' title='bbox 440 1401 639 1466; x_wconf 82' lang='lat' dir='ltr'><strong><em>quemquam,</em></strong></span> <span class='ocrx_word' id='word_1_15' title='bbox 673 1379 791 1456; x_wconf 69' lang='lat' dir='ltr'>Veteri,</span> <span class='ocrx_word' id='word_1_16' title='bbox 816 1392 861 1456; x_wconf 82' lang='lat' dir='ltr'>te,</span> <span class='ocrx_word' id='word_1_17' title='bbox 885 1392 929 1457; x_wconf 84' lang='lat' dir='ltr'>te,</span> <span class='ocrx_word' id='word_1_18' title='bbox 954 1383 1110 1446; x_wconf 67' lang='lat' dir='ltr'>carissimo</span> <span class='ocrx_word' id='word_1_19' title='bbox 1141 1381 1257 1461; x_wconf 81' lang='lat' dir='ltr'>Vricri,</span> 
     </span>
     <span class='ocr_line' id='line_1_5' title="bbox 452 1485 1189 1572; baseline 0.005 -24"><span class='ocrx_word' id='word_1_20' title='bbox 452 1485 592 1550; x_wconf 73' lang='lat' dir='ltr'><em>Pectoris</em></span> <span class='ocrx_word' id='word_1_21' title='bbox 617 1498 788 1550; x_wconf 71' lang='lat' dir='ltr'>extremum</span> <span class='ocrx_word' id='word_1_22' title='bbox 807 1487 925 1572; x_wconf 74' lang='lat' dir='ltr'>pipicus</span> <span class='ocrx_word' id='word_1_23' title='bbox 948 1489 1084 1550; x_wconf 80' lang='lat' dir='ltr'>amantis</span> <span class='ocrx_word' id='word_1_24' title='bbox 1106 1487 1189 1552; x_wconf 77' lang='lat' dir='ltr'>tabe.</span> 
     </span>
     <span class='ocr_line' id='line_1_6' title="bbox 561 1600 1074 1664; baseline 0 -16"><span class='ocrx_word' id='word_1_25' title='bbox 561 1613 715 1649; x_wconf 78' lang='lat' dir='ltr'>uuvnnsunr</span> <span class='ocrx_word' id='word_1_26' title='bbox 735 1616 755 1649; x_wconf 85' lang='lat' dir='ltr'>a.</span> <span class='ocrx_word' id='word_1_27' title='bbox 775 1600 796 1648; x_wconf 86' lang='lat' dir='ltr'>d.</span> <span class='ocrx_word' id='word_1_28' title='bbox 817 1601 838 1648; x_wconf 88' lang='lat' dir='ltr'>X</span> <span class='ocrx_word' id='word_1_29' title='bbox 857 1601 915 1664; x_wconf 79' lang='lat' dir='ltr'>Aug.</span> <span class='ocrx_word' id='word_1_30' title='bbox 935 1613 1074 1650; x_wconf 80' lang='lat' dir='ltr'>nncccmn.</span> 
     </span>
    </p>
   </div>
   <div class='ocr_carea' id='block_1_4' title="bbox 732 1817 904 1876">
    <p class='ocr_par' dir='ltr' id='par_1_4' title="bbox 732 1817 904 1876">
     <span class='ocr_line' id='line_1_7' title="bbox 732 1817 904 1876; baseline 0.006 -1"><span class='ocrx_word' id='word_1_31' title='bbox 732 1817 904 1876; x_wconf 74' lang='lat' dir='ltr'>SENEX.</span> 
     </span>
    </p>
   </div>
   <div class='ocr_carea' id='block_1_5' title="bbox 311 1959 1251 3374">
    <p class='ocr_par' dir='ltr' id='par_1_5' title="bbox 313 1959 1090 2045">
     <span class='ocr_line' id='line_1_8' title="bbox 313 1959 1090 2045; baseline -0.001 -19"><span class='ocrx_word' id='word_1_32' title='bbox 313 1959 346 2026; x_wconf 79' lang='lat' dir='ltr'>si</span> <span class='ocrx_word' id='word_1_33' title='bbox 369 1959 464 2025; x_wconf 88' lang='lat' dir='ltr'>maris</span> <span class='ocrx_word' id='word_1_34' title='bbox 488 1959 607 2026; x_wconf 80' lang='lat' dir='ltr'>Oceani</span> <span class='ocrx_word' id='word_1_35' title='bbox 629 1981 725 2025; x_wconf 88' lang='lat' dir='ltr'>cerno</span> <span class='ocrx_word' id='word_1_36' title='bbox 750 1960 903 2024; x_wconf 83' lang='lat' dir='ltr'>delitare</span> <span class='ocrx_word' id='word_1_37' title='bbox 926 1982 1090 2045; x_wconf 86' lang='lat' dir='ltr'>campum,</span> 
     </span>
    </p>

    <p class='ocr_par' dir='ltr' id='par_1_6' title="bbox 312 2081 1251 2769">
     <span class='ocr_line' id='line_1_9' title="bbox 312 2081 1158 2166; baseline 0 -19"><span class='ocrx_word' id='word_1_38' title='bbox 312 2081 359 2147; x_wconf 90' lang='lat' dir='ltr'>Ut</span> <span class='ocrx_word' id='word_1_39' title='bbox 386 2105 472 2147; x_wconf 91' lang='lat' dir='ltr'>nunc</span> <span class='ocrx_word' id='word_1_40' title='bbox 496 2105 515 2147; x_wconf 88' lang='lat' dir='ltr'>a</span> <span class='ocrx_word' id='word_1_41' title='bbox 538 2081 690 2166; x_wconf 83' lang='lat' dir='ltr'>Zephyris</span> <span class='ocrx_word' id='word_1_42' title='bbox 714 2082 890 2166; x_wconf 88' lang='lat' dir='ltr'>permulsae</span> <span class='ocrx_word' id='word_1_43' title='bbox 915 2082 1030 2147; x_wconf 83' lang='lat' dir='ltr'>leniter</span> <span class='ocrx_word' id='word_1_44' title='bbox 1054 2084 1158 2148; x_wconf 85' lang='lat' dir='ltr'>undae</span> 
     </span>
     <span class='ocr_line' id='line_1_10' title="bbox 312 2195 1129 2286; baseline 0.001 -20"><span class='ocrx_word' id='word_1_45' title='bbox 312 2201 412 2267; x_wconf 90' lang='lat' dir='ltr'>Dulce</span> <span class='ocrx_word' id='word_1_46' title='bbox 432 2203 605 2286; x_wconf 78' lang='lat' dir='ltr'><strong>repercussi</strong></span> <span class='ocrx_word' id='word_1_47' title='bbox 627 2202 767 2266; x_wconf 84' lang='lat' dir='ltr'>ridentes</span> <span class='ocrx_word' id='word_1_48' title='bbox 789 2202 910 2266; x_wconf 91' lang='lat' dir='ltr'>lumine</span> <span class='ocrx_word' id='word_1_49' title='bbox 933 2202 1072 2281; x_wconf 83' lang='lat' dir='ltr'>Phoebi,</span> <span class='ocrx_word' id='word_1_50' title='bbox 1125 2195 1129 2202; x_wconf 40' lang='grc'>“</span> 
     </span>
     <span class='ocr_line' id='line_1_11' title="bbox 312 2321 1140 2409; baseline 0.002 -23"><span class='ocrx_word' id='word_1_51' title='bbox 312 2321 466 2387; x_wconf 82' lang='lat' dir='ltr'>Lambere</span> <span class='ocrx_word' id='word_1_52' title='bbox 489 2324 568 2387; x_wconf 87' lang='lat' dir='ltr'>eunt</span> <span class='ocrx_word' id='word_1_53' title='bbox 590 2345 702 2406; x_wconf 83' lang='lat' dir='ltr'>spuma</span> <span class='ocrx_word' id='word_1_54' title='bbox 724 2323 829 2387; x_wconf 82' lang='lat' dir='ltr'>laeves</span> <span class='ocrx_word' id='word_1_55' title='bbox 852 2323 979 2387; x_wconf 88' lang='lat' dir='ltr'>albente</span> <span class='ocrx_word' id='word_1_56' title='bbox 997 2324 1140 2409; x_wconf 83' lang='lat' dir='ltr'>lapillos:</span> 
     </span>
     <span class='ocr_line' id='line_1_12' title="bbox 312 2442 1251 2529; baseline 0.002 -21"><span class='ocrx_word' id='word_1_57' title='bbox 312 2442 408 2508; x_wconf 91' lang='lat' dir='ltr'>Nunc</span> <span class='ocrx_word' id='word_1_58' title='bbox 431 2442 570 2527; x_wconf 80' lang='lat' dir='ltr'>Eurique</span> <span class='ocrx_word' id='word_1_59' title='bbox 594 2442 735 2529; x_wconf 90' lang='lat' dir='ltr'>Notique</span> <span class='ocrx_word' id='word_1_60' title='bbox 759 2464 887 2508; x_wconf 87' lang='lat' dir='ltr'>corusco</span> <span class='ocrx_word' id='word_1_61' title='bbox 911 2444 946 2507; x_wconf 91' lang='lat' dir='ltr'>in</span> <span class='ocrx_word' id='word_1_62' title='bbox 970 2443 1103 2509; x_wconf 85' lang='lat' dir='ltr'>fulmine</span> <span class='ocrx_word' id='word_1_63' title='bbox 1126 2447 1159 2508; x_wconf 88' lang='lat' dir='ltr'>et</span> <span class='ocrx_word' id='word_1_64' title='bbox 1181 2448 1251 2510; x_wconf 91' lang='lat' dir='ltr'>atro</span> 
     </span>
     <span class='ocr_line' id='line_1_13' title="bbox 312 2563 1225 2648; baseline 0.004 -20"><span class='ocrx_word' id='word_1_65' title='bbox 312 2563 419 2628; x_wconf 86' lang='lat' dir='ltr'>Imbro</span> <span class='ocrx_word' id='word_1_66' title='bbox 437 2564 503 2627; x_wconf 87' lang='lat' dir='ltr'>ruit</span> <span class='ocrx_word' id='word_1_67' title='bbox 524 2563 629 2642; x_wconf 78' lang='lat' dir='ltr'>furor,</span> <span class='ocrx_word' id='word_1_68' title='bbox 655 2566 749 2648; x_wconf 86' lang='lat' dir='ltr'>atque</span> <span class='ocrx_word' id='word_1_69' title='bbox 773 2565 911 2630; x_wconf 86' lang='lat' dir='ltr'>excitum</span> <span class='ocrx_word' id='word_1_70' title='bbox 935 2565 1080 2630; x_wconf 85' lang='lat' dir='ltr'>funditus</span> <span class='ocrx_word' id='word_1_71' title='bbox 1104 2570 1225 2632; x_wconf 87' lang='lat' dir='ltr'>aestum</span> 
     </span>
     <span class='ocr_line' id='line_1_14' title="bbox 312 2683 1021 2769; baseline 0.004 -21"><span class='ocrx_word' id='word_1_72' title='bbox 312 2683 356 2748; x_wconf 80' lang='lat' dir='ltr'>Et</span> <span class='ocrx_word' id='word_1_73' title='bbox 374 2685 493 2749; x_wconf 87' lang='lat' dir='ltr'>laceras</span> <span class='ocrx_word' id='word_1_74' title='bbox 516 2706 639 2769; x_wconf 86' lang='lat' dir='ltr'>puppes</span> <span class='ocrx_word' id='word_1_75' title='bbox 662 2684 760 2749; x_wconf 82' lang='lat' dir='ltr'>rastis</span> <span class='ocrx_word' id='word_1_76' title='bbox 782 2685 879 2750; x_wconf 76' lang='lat' dir='ltr'>illidit</span> <span class='ocrx_word' id='word_1_77' title='bbox 901 2688 1021 2751; x_wconf 86' lang='lat' dir='ltr'>arenis:</span> 
     </span>
    </p>

    <p class='ocr_par' dir='ltr' id='par_1_7' title="bbox 312 2805 1088 2890">
     <span class='ocr_line' id='line_1_15' title="bbox 312 2805 1088 2890; baseline -0.003 -18"><span class='ocrx_word' id='word_1_78' title='bbox 312 2805 346 2872; x_wconf 78' lang='lat' dir='ltr'>si</span> <span class='ocrx_word' id='word_1_79' title='bbox 368 2805 483 2869; x_wconf 89' lang='lat' dir='ltr'>fluctus</span> <span class='ocrx_word' id='word_1_80' title='bbox 505 2805 600 2869; x_wconf 92' lang='lat' dir='ltr'>modo</span> <span class='ocrx_word' id='word_1_81' title='bbox 628 2805 812 2870; x_wconf 75' lang='lat' dir='ltr'>decedentes</span> <span class='ocrx_word' id='word_1_82' title='bbox 835 2806 961 2890; x_wconf 86' lang='lat' dir='ltr'>agmine</span> <span class='ocrx_word' id='word_1_83' title='bbox 984 2809 1088 2884; x_wconf 90' lang='lat' dir='ltr'>certo,</span> 
     </span>
    </p>

    <p class='ocr_par' dir='ltr' id='par_1_8' title="bbox 311 2925 1197 3374">
     <span class='ocr_line' id='line_1_16' title="bbox 311 2925 1126 3012; baseline 0 -21"><span class='ocrx_word' id='word_1_84' title='bbox 311 2925 389 2991; x_wconf 87' lang='lat' dir='ltr'>Mox</span> <span class='ocrx_word' id='word_1_85' title='bbox 419 2929 504 2991; x_wconf 87' lang='lat' dir='ltr'>certo</span> <span class='ocrx_word' id='word_1_86' title='bbox 527 2948 635 2992; x_wconf 81' lang='lat' dir='ltr'>rursus</span> <span class='ocrx_word' id='word_1_87' title='bbox 658 2927 825 2990; x_wconf 86' lang='lat' dir='ltr'>redeuntes</span> <span class='ocrx_word' id='word_1_88' title='bbox 850 2927 977 3011; x_wconf 81' lang='lat' dir='ltr'>agmine</span> <span class='ocrx_word' id='word_1_89' title='bbox 1001 2930 1126 3012; x_wconf 87' lang='lat' dir='ltr'>specto:</span> 
     </span>
     <span class='ocr_line' id='line_1_17' title="bbox 312 3047 1197 3132; baseline 0.001 -21"><span class='ocrx_word' id='word_1_90' title='bbox 312 3047 413 3122; x_wconf 78' lang='lat' dir='ltr'>Quam</span> <span class='ocrx_word' id='word_1_91' title='bbox 436 3048 541 3112; x_wconf 82' lang='lat' dir='ltr'>varius</span> <span class='ocrx_word' id='word_1_92' title='bbox 564 3048 671 3112; x_wconf 81' lang='lat' dir='ltr'>vultus</span> <span class='ocrx_word' id='word_1_93' title='bbox 694 3048 848 3112; x_wconf 89' lang='lat' dir='ltr'>salsarum</span> <span class='ocrx_word' id='word_1_94' title='bbox 872 3052 1003 3132; x_wconf 84' lang='lat' dir='ltr'>apparet</span> <span class='ocrx_word' id='word_1_95' title='bbox 1028 3069 1197 3132; x_wconf 85' lang='lat' dir='ltr'>aquarum,</span> 
     </span>
     <span class='ocr_line' id='line_1_18' title="bbox 312 3168 1171 3254; baseline -0.001 -21"><span class='ocrx_word' id='word_1_96' title='bbox 312 3168 413 3244; x_wconf 81' lang='lat' dir='ltr'>Quam</span> <span class='ocrx_word' id='word_1_97' title='bbox 436 3169 483 3232; x_wconf 88' lang='lat' dir='ltr'>nil</span> <span class='ocrx_word' id='word_1_98' title='bbox 504 3172 709 3254; x_wconf 83' lang='lat' dir='ltr'>perpetuum,</span> <span class='ocrx_word' id='word_1_99' title='bbox 733 3174 765 3234; x_wconf 88' lang='lat' dir='ltr'>et</span> <span class='ocrx_word' id='word_1_100' title='bbox 790 3169 872 3233; x_wconf 92' lang='lat' dir='ltr'>nulli</span> <span class='ocrx_word' id='word_1_101' title='bbox 895 3169 1010 3234; x_wconf 89' lang='lat' dir='ltr'>fiducia</span> <span class='ocrx_word' id='word_1_102' title='bbox 1033 3168 1171 3234; x_wconf 84' lang='lat' dir='ltr'>formae!</span> 
     </span>
     <span class='ocr_line' id='line_1_19' title="bbox 311 3288 1099 3374; baseline 0 -20"><span class='ocrx_word' id='word_1_103' title='bbox 311 3288 345 3354; x_wconf 79' lang='lat' dir='ltr'>Si</span> <span class='ocrx_word' id='word_1_104' title='bbox 368 3289 508 3373; x_wconf 81' lang='lat' dir='ltr'>adspicio</span> <span class='ocrx_word' id='word_1_105' title='bbox 531 3289 669 3372; x_wconf 84' lang='lat' dir='ltr'>patrium</span> <span class='ocrx_word' id='word_1_106' title='bbox 692 3289 824 3354; x_wconf 89' lang='lat' dir='ltr'>iucundi</span> <span class='ocrx_word' id='word_1_107' title='bbox 844 3290 925 3354; x_wconf 89' lang='lat' dir='ltr'>ruris</span> <span class='ocrx_word' id='word_1_108' title='bbox 942 3290 1099 3374; x_wconf 79' lang='lat' dir='ltr'>agellum,</span> 
     </span>
    </p>
   </div>
   <div class='ocr_carea' id='block_1_6' title="bbox 233 3409 1208 3728">
    <p class='ocr_par' dir='ltr' id='par_1_9' title="bbox 233 3409 1208 3728">
     <span class='ocr_line' id='line_1_20' title="bbox 233 3409 1115 3506; baseline 0 -31"><span class='ocrx_word' id='word_1_109' title='bbox 233 3501 237 3506; x_wconf 24' lang='grc' dir='ltr'>Ι</span> <span class='ocrx_word' id='word_1_110' title='bbox 312 3410 433 3475; x_wconf 77' lang='lat' dir='ltr'>Parrus</span> <span class='ocrx_word' id='word_1_111' title='bbox 460 3409 516 3474; x_wconf 91' lang='lat' dir='ltr'>ubi</span> <span class='ocrx_word' id='word_1_112' title='bbox 538 3413 658 3474; x_wconf 84' lang='lat' dir='ltr'>veteres</span> <span class='ocrx_word' id='word_1_113' title='bbox 682 3411 758 3474; x_wconf 90' lang='lat' dir='ltr'>olim</span> <span class='ocrx_word' id='word_1_114' title='bbox 782 3433 861 3494; x_wconf 91' lang='lat' dir='ltr'>puer</span> <span class='ocrx_word' id='word_1_115' title='bbox 885 3415 960 3475; x_wconf 89' lang='lat' dir='ltr'>ante</span> <span class='ocrx_word' id='word_1_116' title='bbox 978 3410 1115 3476; x_wconf 88' lang='lat' dir='ltr'>Penates</span> 
     </span>
     <span class='ocr_line' id='line_1_21' title="bbox 313 3531 1208 3616; baseline -0.004 -20"><span class='ocrx_word' id='word_1_117' title='bbox 313 3531 509 3616; x_wconf 86' lang='lat' dir='ltr'>Reptabam,</span> <span class='ocrx_word' id='word_1_118' title='bbox 533 3535 690 3615; x_wconf 86' lang='lat' dir='ltr'>quantum</span> <span class='ocrx_word' id='word_1_119' title='bbox 714 3534 763 3596; x_wconf 87' lang='lat' dir='ltr'>est</span> <span class='ocrx_word' id='word_1_120' title='bbox 784 3531 879 3596; x_wconf 91' lang='lat' dir='ltr'>hodie</span> <span class='ocrx_word' id='word_1_121' title='bbox 901 3535 1044 3596; x_wconf 89' lang='lat' dir='ltr'>mutatus</span> <span class='ocrx_word' id='word_1_122' title='bbox 1067 3531 1208 3596; x_wconf 83' lang='lat' dir='ltr'>abiate!</span> 
     </span>
     <span class='ocr_line' id='line_1_22' title="bbox 317 3651 1118 3728; baseline -0.001 -12"><span class='ocrx_word' id='word_1_123' title='bbox 317 3651 385 3728; x_wconf 83' lang='lat' dir='ltr'>Qua</span> <span class='ocrx_word' id='word_1_124' title='bbox 406 3652 518 3716; x_wconf 91' lang='lat' dir='ltr'>lolium</span> <span class='ocrx_word' id='word_1_125' title='bbox 542 3655 575 3716; x_wconf 91' lang='lat' dir='ltr'>et</span> <span class='ocrx_word' id='word_1_126' title='bbox 598 3651 713 3716; x_wconf 88' lang='lat' dir='ltr'>sterilis</span> <span class='ocrx_word' id='word_1_127' title='bbox 736 3652 817 3716; x_wconf 88' lang='lat' dir='ltr'>laete</span> <span class='ocrx_word' id='word_1_128' title='bbox 840 3653 1000 3716; x_wconf 90' lang='lat' dir='ltr'>crescebat</span> <span class='ocrx_word' id='word_1_129' title='bbox 1019 3651 1118 3727; x_wconf 82' lang='lat' dir='ltr'>crica,</span> 
     </span>
    </p>
   </div>
   <div class='ocr_carea' id='block_1_7' title="bbox 314 3772 1331 4574">
    <p class='ocr_par' dir='ltr' id='par_1_10' title="bbox 314 3772 1110 3858">
     <span class='ocr_line' id='line_1_23' title="bbox 314 3772 1110 3858; baseline -0.003 -21"><span class='ocrx_word' id='word_1_130' title='bbox 314 3773 525 3858; x_wconf 85' lang='lat' dir='ltr'>Lanigeriquc</span> <span class='ocrx_word' id='word_1_131' title='bbox 546 3793 658 3857; x_wconf 82' lang='lat' dir='ltr'>greges</span> <span class='ocrx_word' id='word_1_132' title='bbox 682 3772 790 3836; x_wconf 90' lang='lat' dir='ltr'>rimati</span> <span class='ocrx_word' id='word_1_133' title='bbox 813 3772 960 3856; x_wconf 82' lang='lat' dir='ltr'>gramina</span> <span class='ocrx_word' id='word_1_134' title='bbox 991 3772 1110 3837; x_wconf 88' lang='lat' dir='ltr'>frustra</span> 
     </span>
    </p>

    <p class='ocr_par' dir='ltr' id='par_1_11' title="bbox 315 3892 1203 3978">
     <span class='ocr_line' id='line_1_24' title="bbox 315 3892 1203 3978; baseline -0.005 -20"><span class='ocrx_word' id='word_1_135' title='bbox 315 3892 376 3958; x_wconf 88' lang='lat' dir='ltr'>Per</span> <span class='ocrx_word' id='word_1_136' title='bbox 399 3894 517 3958; x_wconf 89' lang='lat' dir='ltr'>calidas</span> <span class='ocrx_word' id='word_1_137' title='bbox 540 3893 685 3957; x_wconf 86' lang='lat' dir='ltr'>umbram</span> <span class='ocrx_word' id='word_1_138' title='bbox 710 3894 906 3978; x_wconf 74' lang='lat' dir='ltr'>quaerebant</span> <span class='ocrx_word' id='word_1_139' title='bbox 928 3892 1051 3956; x_wconf 79' lang='lat' dir='ltr'>frondis</span> <span class='ocrx_word' id='word_1_140' title='bbox 1075 3913 1203 3968; x_wconf 86' lang='lat' dir='ltr'>arenas,</span> 
     </span>
    </p>

    <p class='ocr_par' dir='ltr' id='par_1_12' title="bbox 316 4013 1331 4574">
     <span class='ocr_line' id='line_1_25' title="bbox 316 4013 1305 4098; baseline -0.006 -18"><span class='ocrx_word' id='word_1_141' title='bbox 316 4015 411 4081; x_wconf 90' lang='lat' dir='ltr'>Nunc</span> <span class='ocrx_word' id='word_1_142' title='bbox 441 4017 510 4079; x_wconf 89' lang='lat' dir='ltr'>sata</span> <span class='ocrx_word' id='word_1_143' title='bbox 537 4015 719 4092; x_wconf 84' lang='lat' dir='ltr'>luxuriant,</span> <span class='ocrx_word' id='word_1_144' title='bbox 749 4037 836 4079; x_wconf 88' lang='lat' dir='ltr'>nunc</span> <span class='ocrx_word' id='word_1_145' title='bbox 864 4036 959 4079; x_wconf 84' lang='lat' dir='ltr'>vacca</span> <span class='ocrx_word' id='word_1_146' title='bbox 987 4013 1305 4098; x_wconf 74' lang='lat' dir='ltr'>perambulatam,</span> 
     </span>
     <span class='ocr_line' id='line_1_26' title="bbox 316 4135 1126 4201; baseline -0.006 0"><span class='ocrx_word' id='word_1_147' title='bbox 316 4135 412 4201; x_wconf 91' lang='lat' dir='ltr'>Nunc</span> <span class='ocrx_word' id='word_1_148' title='bbox 436 4135 535 4200; x_wconf 84' lang='lat' dir='ltr'>silvae</span> <span class='ocrx_word' id='word_1_149' title='bbox 556 4135 671 4199; x_wconf 83' lang='lat' dir='ltr'>virides</span> <span class='ocrx_word' id='word_1_150' title='bbox 694 4135 728 4198; x_wconf 92' lang='lat' dir='ltr'>in</span> <span class='ocrx_word' id='word_1_151' title='bbox 753 4135 853 4199; x_wconf 87' lang='lat' dir='ltr'>amico</span> <span class='ocrx_word' id='word_1_152' title='bbox 876 4135 1001 4200; x_wconf 87' lang='lat' dir='ltr'>foedere</span> <span class='ocrx_word' id='word_1_153' title='bbox 1021 4155 1126 4197; x_wconf 88' lang='lat' dir='ltr'>ramos</span> 
     </span>
     <span class='ocr_line' id='line_1_27' title="bbox 318 4250 1331 4340; baseline -0.008 -18"><span class='ocrx_word' id='word_1_154' title='bbox 318 4255 529 4335; x_wconf 74' lang='lat' dir='ltr'>Consociant‚</span> <span class='ocrx_word' id='word_1_155' title='bbox 561 4256 773 4340; x_wconf 87' lang='lat' dir='ltr'>lymphaeque</span> <span class='ocrx_word' id='word_1_156' title='bbox 800 4257 841 4320; x_wconf 88' lang='lat' dir='ltr'>ad</span> <span class='ocrx_word' id='word_1_157' title='bbox 865 4277 1026 4320; x_wconf 89' lang='lat' dir='ltr'>murmura</span> <span class='ocrx_word' id='word_1_158' title='bbox 1049 4254 1168 4318; x_wconf 87' lang='lat' dir='ltr'>blanda</span> <span class='ocrx_word' id='word_1_159' title='bbox 1190 4250 1331 4336; x_wconf 88' lang='lat' dir='ltr'>loquacis</span> 
     </span>
     <span class='ocr_line' id='line_1_28' title="bbox 318 4372 1309 4462; baseline -0.005 -21"><span class='ocrx_word' id='word_1_160' title='bbox 318 4376 536 4462; x_wconf 88' lang='lat' dir='ltr'>Respondent.</span> <span class='ocrx_word' id='word_1_161' title='bbox 582 4375 671 4442; x_wconf 84' lang='lat' dir='ltr'>Haec</span> <span class='ocrx_word' id='word_1_162' title='bbox 693 4377 780 4460; x_wconf 83' lang='lat' dir='ltr'>ipsa,</span> <span class='ocrx_word' id='word_1_163' title='bbox 810 4376 888 4441; x_wconf 88' lang='lat' dir='ltr'>haec</span> <span class='ocrx_word' id='word_1_164' title='bbox 912 4376 1009 4440; x_wconf 89' lang='lat' dir='ltr'>denso</span> <span class='ocrx_word' id='word_1_165' title='bbox 1035 4374 1175 4458; x_wconf 83' lang='lat' dir='ltr'>tegmine</span> <span class='ocrx_word' id='word_1_166' title='bbox 1198 4372 1309 4456; x_wconf 85' lang='lat' dir='ltr'>fagus,</span> 
     </span>
     <span class='ocr_line' id='line_1_29' title="bbox 319 4493 1179 4574; baseline -0.001 -11"><span class='ocrx_word' id='word_1_167' title='bbox 319 4496 404 4574; x_wconf 81' lang='lat' dir='ltr'>Quae</span> <span class='ocrx_word' id='word_1_168' title='bbox 428 4520 478 4562; x_wconf 89' lang='lat' dir='ltr'>me</span> <span class='ocrx_word' id='word_1_169' title='bbox 502 4498 593 4562; x_wconf 86' lang='lat' dir='ltr'>audit</span> <span class='ocrx_word' id='word_1_170' title='bbox 615 4497 722 4562; x_wconf 77' lang='lat' dir='ltr'>Latias</span> <span class='ocrx_word' id='word_1_171' title='bbox 746 4500 886 4561; x_wconf 85' lang='lat' dir='ltr'>extremo</span> <span class='ocrx_word' id='word_1_172' title='bbox 910 4495 1049 4566; x_wconf 87' lang='lat' dir='ltr'>carmine</span> <span class='ocrx_word' id='word_1_173' title='bbox 1072 4493 1179 4564; x_wconf 83' lang='lat' dir='ltr'>Musas</span> 
     </span>
    </p>
   </div>
   <div class='ocr_carea' id='block_1_8' title="bbox 0 0 1700 5296">
    <p class='ocr_par' dir='ltr' id='par_1_13' title="bbox 0 0 1700 5296">
     <span class='ocr_line' id='line_1_30' title="bbox 0 0 1700 5296; baseline 0 0"><span class='ocrx_word' id='word_1_174' title='bbox 0 0 1700 5296; x_wconf 95' lang='lat' dir='ltr'> </span> 
     </span>
    </p>
   </div>
  </div>
 </body>
</html>
