3338 5302
406 545 448 606 lo
904 557 1011 603 caurio

408 745 566 827 aliosque,
598 763 677 826 quos
700 741 859 825 praedixi,
883 741 919 804 in
942 742 1052 804 codem
1077 762 1172 826 opere
1198 746 1338 808 versatos
1363 745 1510 830 cognovi.

407 863 532 928 Horum
555 863 764 928 videndorum
787 862 931 945 quamvis
949 861 1129 926 incredibili
1148 863 1317 948 flagrarem
1336 865 1510 943 desiderio,

408 983 531 1047 tamdiu
562 986 670 1046 tamen
700 982 775 1048 huic
806 1003 872 1046 non
896 982 1050 1061 satisfeci,
1075 987 1181 1068 quoad
1203 986 1367 1070 integrum
1390 985 1512 1070 aliquid

408 1103 627 1169 elaborassem.

454 1223 531 1290 Mox
553 1224 696 1307 singulos
719 1225 850 1301 nactus,
876 1245 994 1308 magna
1017 1246 1089 1309 spe,
1113 1227 1348 1310 exspectatione
1371 1229 1405 1290 et
1423 1231 1511 1292 metu

408 1344 528 1410 evolvo.
557 1381 595 1395 --
620 1343 674 1408 Dii
697 1344 791 1408 boni!
814 1343 1031 1423 -Plurima,
1056 1368 1136 1430 quae
1159 1369 1247 1411 meae
1271 1348 1396 1412 cuidam
1415 1349 1512 1414 indu·

408 1466 504 1530 striae
525 1466 720 1544 iithneham,
745 1465 785 1529 ab
808 1465 872 1529 illis
894 1465 958 1530 iam
981 1470 1135 1551 occupata
1158 1468 1305 1550 comperi.
1330 1467 1399 1544 Qua
1422 1491 1460 1533 ex
1476 1491 1511 1534 re

408 1586 473 1652 sire
504 1586 643 1664 laetitia,
668 1587 735 1650 sive
756 1586 904 1663 tristitia,
929 1587 994 1652 sire
1018 1590 1152 1672 utraque
1174 1590 1263 1653 totus
1286 1588 1510 1673 perfundebar.
1647 1663 1648 1666 Ἴ

407 1705 490 1782 Quid
514 1707 600 1772 enim
624 1727 691 1771 non
714 1707 866 1786 laetarer,
891 1727 950 1772 neo
971 1707 1124 1772 iudicium
1148 1730 1272 1787 mcum,
1297 1710 1347 1773 cui
1371 1709 1511 1776 diffidere

407 1850 530 1914 semper
564 1830 668 1905 solco,
700 1829 878 1907 laudarem,
913 1830 999 1914 quod
1030 1830 1065 1893 in
1087 1829 1212 1894 easdem
1235 1830 1416 1914 saepissime
1438 1850 1511 1916 cum

407 1951 483 2015 viris
507 1950 726 2017 eruditissimis
748 1949 921 2016 incideram
945 1951 1179 2036 cogitationes?
1205 1989 1246 2000 -
1272 1948 1392 2017 Oontra
1411 1951 1509 2019 habe·

406 2071 498 2150 bam,
531 2072 617 2156 qnod
644 2071 800 2148 dolerem
823 2072 961 2136 maxima
983 2072 1069 2136 enim
1091 2072 1210 2137 laboris
1232 2093 1307 2157 pars
1328 2073 1511 2149 interierat;

407 2195 445 2255 ut
469 2194 549 2258 adeo
580 2194 644 2258 rim
677 2194 816 2278 aliquem
839 2191 918 2257 mihi
940 2193 1008 2277 ipse
1030 2193 1149 2258 inferre
1172 2193 1351 2272 debuerim,
1376 2215 1417 2260 nc
1440 2196 1511 2259 ani·

407 2335 495 2380 mum
519 2315 726 2379 demitterem.

453 2437 595 2504 Tandem
625 2437 710 2502 idem
739 2437 894 2514 studium,
928 2437 956 2500 si
985 2436 1071 2520 quod
1094 2437 1190 2500 antea
1211 2434 1290 2513 fuit,
1316 2436 1352 2499 in
1375 2437 1511 2520 legende

407 2560 440 2622 et
469 2558 661 2624 illustrando
692 2557 908 2642 Xenophonte
937 2556 1086 2636 adhibui3
1118 2575 1181 2640 quo
1213 2557 1241 2620 si
1264 2557 1340 2621 olim
1362 2556 1437 2620 huic
1460 2579 1512 2622 me

408 2678 608 2763 aliquantum
627 2678 783 2764 profuisse
801 2674 896 2763 periti
914 2697 1021 2741 rerum
1042 2676 1154 2741 arbitri
1173 2676 1333 2754 iudicent,
1355 2677 1511 2742 manimos

406 2799 525 2866 laboris
546 2801 609 2866 mei
631 2822 682 2866 me
705 2799 881 2884 percepisse
901 2797 1029 2862 fructus
1043 2797 1239 2874 arbitrabor,
1261 2771 1357 2883 atque
1377 2799 1511 2863 alacrior

406 2921 499 3002 fiam,
529 2925 704 3000 adomne,
729 2921 815 3006 quod
838 2919 976 3005 supersit
997 2917 1081 2983 vitae
1104 2919 1244 3002 tempus,
1271 2918 1306 2982 in
1329 2918 1379 2984 his
1403 2921 1509 2985 litera·

407 3063 478 3109 rum
502 3043 615 3111 studiis
640 3043 901 3110 consumendum.

453 3164 514 3232 Sed
546 3167 674 3252 longius
696 3187 747 3230 me
770 3162 906 3228 dicendo
927 3178 1130 3246 progressam
1153 3159 1390 3238 animadverto,
1415 3182 1511 3245 quam

408 3290 511 3366 volui,
537 3292 593 3352 aut
616 3287 750 3351 fortasse
774 3285 870 3349 ctiam
891 3267 998 3346 debui.
1032 3280 1110 3356 Quis
1134 3284 1241 3345 autem
1260 3283 1310 3345 est
1328 3279 1510 3365 Xenophon

406 3410 483 3488 iste,
522 3410 607 3473 dica-t
640 3405 728 3492 quis,
760 3409 817 3469 aut
848 3423 929 3488 qnae
959 3403 1054 3466 tanta
1074 3403 1160 3467 illius
1184 3401 1315 3480 merita,
1339 3401 1512 3484 quibusse

407 3554 479 3608 cum
510 3531 598 3608 aliis,
631 3531 701 3592 tum
732 3527 792 3592 tibi
824 3525 901 3590 adeo
932 3523 1183 3601 commendavit,
1213 3526 1251 3588 ut
1273 3540 1390 3588 novam
1413 3523 1509 3588 etiem

408 3653 579 3718 editionem
607 3648 769 3714 moliaris?
792 3647 880 3712 Haec
904 3646 1047 3732 quidem,
1070 3644 1260 3722 Auditorcs,
1284 3646 1394 3709 totae
1418 3647 1511 3710 tanta

407 3777 501 3851 sunt,
533 3777 570 3838 ut
597 3772 741 3838 omniurn
764 3791 836 3835 eum
860 3767 1061 3836 Eroticorum
1085 3765 1295 3844 Graecorum,
1320 3767 1376 3850 qui
1399 3787 1509 3851 super-

408 3899 501 3973 sunt,
526 3894 653 3978 magnis
676 3893 752 3958 licet
773 3893 905 3957 laudum
928 3886 1118 3954 testimoniis
1141 3879 1309 3950 hominum
1332 3887 1508 3952 eruditissi-

407 4037 532 4081 morum
552 4015 618 4079 sint
636 4011 802 4090 celebrati,
817 4010 977 4095 appellare
993 4005 1302 4092 praestantissimum
1313 4029 1381 4072 non
1393 4028 1510 4074 verear.

407 4137 499 4214 Quod
523 4135 551 4199 si
573 4134 665 4198 illum
687 4133 803 4196 horum
825 4128 988 4194 laboribus
1010 4127 1147 4192 invicem
1171 4129 1392 4212 comparandis
1404 4132 1512 4194 osten-

408 4261 482 4325 dere
518 4256 650 4334 vellem,
683 4254 748 4318 dies
779 4273 830 4316 me
862 4248 954 4314 citius
984 4269 1080 4332 quem
1103 4247 1206 4313 oratio
1230 4249 1391 4328 deficeret,
1416 4254 1450 4315 et
1472 4253 1512 4315 ad

410 4381 535 4446 minora
559 4375 721 4442 interdum
743 4372 848 4438 delabi
871 4368 1036 4435 nonnullis
1059 4367 1158 4433 videri
1180 4390 1314 4454 possem.
1340 4365 1454 4445 'Quare'
1474 4372 1516 4436 de

410 4479 480 4570 solo
492 4497 722 4582 Xenophonte
744 4495 854 4558 afferre
877 4491 1032 4575 quaedam
1052 4489 1136 4554 satis:
1151 4489 1292 4566 habebo,
1317 4493 1412 4574 atque
1433 4492 1513 4557 illud
