3362 5296
359 573 421 645 198
713 589 817 642 novun
836 599 956 646 cianus
976 593 1108 642 amaron

427 782 617 847 Formidant
638 781 768 846 rabulae
791 781 918 844 strictos
942 781 1139 871 muliebriter
1162 802 1271 858 enses,

519 903 642 968 Multus
665 906 698 966 et
720 902 833 966 inflato
856 901 960 986 pallor
982 903 1018 967 in
1041 923 1095 967 ore
1118 901 1216 966 sedet.

429 1024 517 1089 Eiice
538 1024 574 1088 in
597 1027 754 1088 extremas
775 1022 948 1107 opprobria
970 1023 1100 1107 Belgica
1122 1026 1241 1099 terras,

519 1145 587 1210 Vos
609 1145 695 1209 mala
716 1147 784 1208 tam
806 1142 899 1207 foedo
923 1145 961 1208 de
983 1145 1086 1228 capite
1110 1147 1181 1209 orta
1204 1146 1365 1227 premunt

430 1265 496 1344 Sic,
520 1267 592 1330 dico
615 1265 775 1349 Leopolde
798 1263 875 1341 tibi,
900 1266 961 1342 sic,
985 1264 1132 1348 improbe
1155 1263 1317 1348 quamvis,

517 1387 594 1452 Non
615 1391 725 1451 tamen
749 1408 787 1449 ex
803 1385 899 1448 'omni
922 1388 1013 1468 parte
1036 1384 1203 1468 pudendus
1227 1385 1297 1449 eris.

428 1507 593 1592 Improbe!
618 1528 693 1570 nam
716 1505 847 1570 latebris
870 1505 1005 1589 potuisti
1027 1505 1146 1589 praedo
1169 1505 1307 1582 relictis,

519 1626 684 1711 Corripere
705 1626 819 1710 ignota
842 1646 910 1689 non
934 1628 990 1690 tua
1013 1629 1139 1708 sceptra
1162 1649 1269 1690 manu.

427 1749 554 1828 Abiice,
579 1749 607 1813 si
629 1748 751 1832 sapias,
775 1746 915 1810 humeris
939 1749 971 1811 et
992 1746 1150 1810 inertibus
1173 1747 1289 1830 ingens

518 1871 655 1945 Excute,
681 1890 744 1953 quo
768 1871 800 1932 te
822 1867 910 1931 fraus
933 1867 1042 1952 Angla
1066 1869 1229 1952 gravavit,
1254 1889 1344 1931 onus.

428 1992 616 2058 Ludibrium
641 1990 735 2054 debes
757 1989 835 2073 ipsis
859 2007 985 2072 quoquc
1008 1987 1113 2052 flebile
1136 1988 1261 2073 Belgio,

519 2111 563 2176 Et
586 2133 680 2176 nemo
704 2114 752 2174 est
775 2109 830 2194 qui
853 2112 901 2186 te,
926 2109 1008 2172 sicut
1031 2112 1177 2192 oportet,
1203 2111 1299 2172 amat.

308 2309 310 2313 ¹
426 2234 609 2299 Brouckero
631 2233 754 2296 levibus
778 2253 836 2295 nec
858 2231 951 2294 crede
973 2229 1144 2295 sodalibus.
1192 2230 1267 2296 Una
1291 2233 1340 2294 est

508 2353 600 2417 Mens
624 2353 762 2430 eunctis,
788 2355 932 2416 sanctam
955 2352 1065 2416 fallere
1087 2356 1165 2416 nata
1188 2353 1295 2416 fidem.

426 2474 588 2539 Fortunae
612 2473 797 2536 inconstans
821 2494 888 2536 non
913 2475 962 2536 est
996 2475 1051 2536 tua
1073 2472 1177 2537 turba
1213 2473 1413 2556 Sequentur,

517 2593 701 2658 Transferat
723 2593 888 2656 instabiles
912 2615 975 2677 quo
998 2592 1067 2657 Dea
1089 2614 1183 2658 coeca
1206 2596 1336 2677 gradus.

426 2717 534 2781 Redde
558 2737 674 2799 aequas
696 2714 815 2798 populo
839 2713 925 2798 leges
949 2718 981 2779 et
1003 2715 1089 2792 iura,
1114 2714 1250 2778 facultas

519 2835 634 2900 Libera
658 2836 715 2912 sit,
739 2838 812 2899 tuto
836 2857 918 2919 quae
940 2836 1019 2900 velit
1041 2857 1094 2900 ore
1117 2835 1216 2919 loqui.

428 2957 501 3023 Vox
524 2957 586 3021 erit
608 2978 672 3020 una
697 2957 806 3020 »obeat
829 2968 918 3020 notos
941 2956 1117 3044 Leopolduc
1141 2959 1174 3020 ia
1197 2979 1279 3020 orus.

518 3078 610 3154 »Tua
640 3074 789 3141 Galbiana
807 3089 919 3164 pater,
943 3098 1006 3141 vox
1031 3078 1092 3140 erit
1116 3097 1199 3154 uno,
1223 3077 1322 3142 redi.’'

427 3199 519 3264 Solus
543 3201 575 3262 et
598 3197 651 3261 hic
673 3198 793 3281 poterit
817 3197 911 3261 rebus
934 3217 1115 3262 succurrere
1138 3197 1259 3262 fractis.

516 3318 588 3383 Stat
616 3340 688 3382 curn
712 3317 869 3383 Nassavia
893 3317 1021 3403 Belgica
1045 3319 1144 3402 stirpe
1168 3319 1264 3382 salus.

427 3438 503 3504 Non
528 3435 657 3501 domino
682 3438 759 3500 haec
783 3437 911 3501 famulis
934 3440 1108 3504 cervicibus
1131 3439 1191 3502 ivit
1220 3439 1334 3516 Iber0,

456 3595 459 3604 Α
517 3559 690 3643 Imperium
713 3556 875 3622 Austriaei
899 3580 967 3622 non
989 3561 1138 3624 toleravit
1160 3560 1240 3624 heri.

425 3680 500 3746 Non
524 3680 760 3764 Robepetracos
783 3680 917 3764 supplex
940 3683 1091 3745 venerata
1117 3684 1297 3765 tyrannos,

517 3801 729 3886 Napoleontoi
754 3803 803 3865 est
823 3801 1016 3865 intemerata
1038 3801 1116 3886 iugi.

424 3921 539 3987 Libera
563 3922 737 3996 dedecoris,
773 3921 926 3986 maculosi
950 3922 1091 3985 criminis
1115 3943 1243 4007 expers,

516 4041 692 4126 Ignosoens
716 4040 786 4105 aliis
809 4041 930 4119 multa,
955 4042 1077 4126 sibique
1101 4065 1225 4127 parum.

425 4161 627 4247 Principibus
651 4161 823 4225 descendat
844 4162 880 4225 in
903 4161 1002 4225 altem
1023 4163 1141 4227 iniuria
1164 4167 1328 4240 mentem3

516 4282 663 4349 Nassavii
687 4285 782 4346 durat
803 4281 959 4366 principis
981 4283 1029 4346 ira
1053 4285 1167 4349 brevis.

426 4406 502 4473 Non
526 4405 613 4471 dolet
635 4407 778 4487 ereptam
801 4404 892 4487 regni
918 4403 987 4467 sine
1011 4405 1136 4470 vindice
1158 4409 1301 4490 partem,

516 4526 662 4610 Antiqua
690 4528 738 4589 est
760 4522 808 4586 illi
832 4523 936 4607 patria
959 4545 1077 4609 magna
1099 4527 1187 4590 satis.
1287 4565 1289 4568 ·
