3338 5302
737 463 767 510 IX
816 497 820 504 .

199 643 337 704 Institutii
365 645 434 719 regii
453 646 719 702 Amstelodamcnsis
744 646 824 702 scafis
851 646 969 712 obtulit,
995 661 1165 714 quamquam
1191 642 1250 699 sius
1275 641 1304 695 in

198 752 316 809 historia
342 751 443 808 Olassis
468 752 569 808 tertiae
594 753 731 808 nullane
758 752 899 808 levissima
922 751 1036 821 quidem
1054 749 1173 822 vestigia
1192 747 1306 820 reperiri

199 859 361 928 potuerunt.
404 857 498 922 Hauc,
527 856 651 912 nondum
679 856 799 924 editam,
829 857 910 912 nobis
940 855 1131 926 suppeditavit
1159 852 1306 909 Societatis

200 962 341 1017 Leidensis
364 961 452 1016 literis
477 962 576 1032 patriis
601 963 759 1018 excolendis
786 962 971 1030 bibliotheca,
998 961 1111 1031 eiusque
1138 959 1239 1014 edendi
1259 974 1305 1014 ve-

200 1068 276 1122 niam
295 1084 312 1122 a
331 1067 397 1123 viris
415 1083 499 1137 penes
518 1085 587 1136 quos
608 1074 651 1122 est
669 1066 875 1122 administratio
894 1065 975 1121 facile
994 1063 1214 1136 impetravimus.
1251 1063 1306 1117 Do·

201 1174 315 1228 lendum
344 1188 420 1238 vere,
450 1171 611 1242 tripartitae
636 1171 793 1237 divisionis,
820 1188 903 1241 quam
930 1170 983 1226 sibi
1007 1171 1191 1241 proposuerat
1215 1171 1306 1226 Peerl-

201 1279 343 1349 kampius,
368 1277 478 1334 nonnisi
501 1277 620 1348 primam
646 1279 756 1347 partem
782 1276 816 1331 de
842 1275 976 1347 Scaligeri
1001 1275 1116 1330 Laidem
1136 1275 1259 1331 adventu
1279 1277 1309 1330 01

200 1385 259 1442 vite
280 1383 407 1440 beidcnsi
426 1383 585 1438 absolutam
605 1398 679 1446 csse,
696 1384 727 1437 at
743 1381 786 1437 vel
802 1380 841 1436 sic
859 1384 954 1436 tamen
970 1397 1022 1436 nec
1035 1381 1111 1436 lectu
1126 1380 1307 1436 iniucundam

201 1508 252 1546 neo
275 1492 339 1546 luce
363 1489 478 1560 publiea
503 1487 661 1559 indignam,
681 1489 711 1543 et
729 1485 808 1543 brevi
827 1485 914 1556 ipsius
933 1485 1054 1542 auctoris
1074 1485 1255 1542 annotatione
1274 1485 1308 1540 il-

202 1597 361 1652 lustratam.

239 1806 406 1879 Magistratn
436 1803 600 1860 Academiae
630 1804 705 1858 intra
733 1821 838 1858 annum
870 1803 941 1859 1838
969 1805 1005 1859 ad
1029 1806 1170 1875 sequentis
1195 1805 1308 1860 initium

128 1951 130 1956 -
204 1913 316 1968 functus
342 1909 567 1982 Peerlkampius,
599 1925 712 1964 munere
742 1909 877 1964 decedens
903 1909 947 1965 die
967 1910 1056 1966 natali
1080 1927 1135 1966 v111
1167 1909 1310 1966 Februarii

206 2017 291 2084 1839,
318 2017 354 2071 ad
379 2015 528 2071 dicendum
554 2014 608 2068 sibi
633 2014 719 2086 elegit
743 2017 940 2086 argumentum
966 2031 1029 2070 vere
1054 2015 1176 2086 patrium
1197 2017 1309 2070 etcum

205 2121 372 2178 Academiae
390 2119 509 2175 histeria
526 2121 603 2174 arete
622 2119 811 2175 coniunctum.
850 2119 930 2174 Dixit
948 2119 1022 2175 enim
1043 2121 1073 2176 de
1086 2130 1228 2191 perpetua,
1245 2137 1311 2192 quoe

139 2255 143 2262 ·
205 2227 363 2281 *Academiae
393 2225 514 2281 Leidensi
534 2243 591 2280 cum
618 2225 700 2280 Gesta
718 2224 870 2279 Arausiaca
888 2222 909 2295 ¹)
932 2227 1088 2292 intercessit,
1113 2226 1311 2291 necessitudine,

206 2342 321 2404 mertare
338 2333 479 2403 preectpue
498 2333 526 2384 in
545 2331 637 2385 studiis
655 2331 811 2400 principum.
849 2329 930 2384 Hane
948 2330 1009 2400 ipse
1028 2328 1206 2398 Orationem,
1230 2345 1311 2401 saepe

205 2440 236 2492 01
254 2454 271 2492 0
289 2435 387 2491 multis
406 2437 534 2506 rogatus,
550 2434 700 2490 accedente
720 2433 902 2490 annotatione
922 2434 1067 2502 historica,
1086 2436 1208 2506 primum
1224 2435 1313 2512 edidit

204 2541 321 2606 Leidae,
346 2539 422 2610 apud
442 2539 477 2592 H.
497 2539 542 2593 W.
562 2538 726 2610 Hazenberg
745 2540 775 2593 et
795 2538 898 2605 socios,
921 2539 1006 2606 1840,
1027 2540 1117 2597 forma
1135 2543 1249 2608 octava,
1269 2557 1310 2596 re-

205 2646 324 2716 petitam
349 2661 422 2700 anno
447 2643 574 2713 sequenti
598 2643 627 2698 in
653 2642 805 2698 Annalium
828 2643 1059 2701 Academicorum
1079 2663 1104 2700 a.
1125 2646 1309 2701 leae—1889

204 2750 361 2815 volumine,
389 2749 486 2820 Hagae
515 2747 655 2803 Comitum
685 2764 719 2802 er
737 2748 936 2819 Typegraphia
954 2749 1038 2821 regia.
1071 2750 1309 2816 Quemadmodum

204 2859 299 2911 autem
317 2856 347 2910 iu
357 2854 449 2926 Elegit
458 2853 700 2909 Hemsterhusiani
713 2853 835 2909 editione
850 2855 940 2910 altera
954 2854 1032 2910 haud
1046 2873 1137 2926 pauca
1149 2857 1216 2912 elim
1232 2856 1311 2912 inno·

205 2963 321 3017 vaserat
339 2959 539 3026 Ruhnkenins,
558 2959 601 3014 ita
618 2974 728 3028 quoque
747 2958 778 3012 in
796 2959 918 3030 repetita
936 2959 990 3015 hac
1009 2959 1132 3016 editione
1150 2961 1228 3016 haud
1243 2978 1311 3032 pau·

206 3065 245 3120 cis
268 3065 298 3119 in
322 3065 391 3122 locis
417 3081 467 3120 sua
491 3066 542 3120 aut
565 3063 686 3120 correxit
709 3066 760 3119 aut
785 3064 907 3120 mutavit
930 3065 1149 3136 Peerlkampius.
1186 3066 1258 3132 Nos,
1278 3069 1312 3121 ut

205 3258 396 3272 *t-

238 3380 262 3444 1)
285 3382 334 3432 Pro
356 3381 490 3434 Arteriace
512 3385 617 3450 praestat
635 3381 819 3447 Arausionensi,
838 3397 852 3436 a
869 3381 968 3454 proprie
985 3382 1071 3438 tertiae
1089 3382 1253 3440 declinationis·
1270 3400 1311 3441 no·

204 3465 267 3513 mine
289 3465 404 3526 Arasmi),
428 3467 453 3516 in
475 3467 548 3532 genit.
572 3467 725 3528 Arausieais,
749 3469 811 3518 unde
841 3469 926 3518 civitas
949 3486 976 3519 ae
998 3471 1060 3520 ditio
1082 3471 1131 3520 sive
1147 3472 1311 3537 prise'qratas,

204 3544 307 3611 itemque
318 3548 429 3612 princeps
445 3549 634 3600 Arausionensis.
669 3551 709 3600 Ita
727 3551 799 3616 Hugo
809 3551 908 3600 Grotius
924 3551 951 3601 10
965 3553 1095 3603 Annalium
1109 3556 1133 3602 01
1147 3553 1312 3604 Historiarum

204 3623 356 3692 Belgicamm
378 3627 458 3692 libris,
483 3632 507 3679 et
526 3631 576 3696 ipse
594 3631 774 3698 Peerlkampius
791 3629 817 3682 in
835 3633 951 3682 Oratione
967 3629 1116 3700 auspicantis
1132 3635 1273 3685 lectionibus
1291 3651 1312 3687 a

205 3711 283 3770 1881,
307 3711 395 3761 herum
417 3714 504 3777 Opusc.
522 3729 575 3778 pag.
595 3712 639 3774 67,
659 3712 704 3774 78,
722 3715 767 3774 82,
787 3715 831 3774 84,
851 3715 897 3776 87,
913 3713 1047 3781 ibidemque
1064 3733 1117 3782 pag.
1136 3716 1180 3777 to,
1199 3718 1313 3768 Arausio·

204 3791 282 3840 nisiae
300 3794 342 3852 (bes
363 3793 524 3857 Oraupistes),
543 3794 583 3843 sed
599 3795 625 3844 in
643 3811 687 3845 usn
704 3795 795 3846 tonnae
812 3797 857 3846 sibi
874 3814 922 3848 non
937 3799 1053 3848 constitit.
1070 3801 1242 3864 Praeterquam
1259 3816 1311 3866 pag.

205 3874 265 3933 109,
291 3875 352 3933 115,
376 3874 438 3934 120,
460 3875 501 3923 ubi
523 3879 599 3925 crstat
623 3877 766 3938 Arauricus,
791 3882 819 3928 01
840 3881 866 3929 10
885 3881 930 3929 hac
946 3880 1075 3940 Oratione,
1091 3881 1125 3930 ita
1143 3880 1169 3931 in
1186 3881 1267 3932 libello
1285 3883 1313 3932 dc

203 3951 253 4004 vita
278 3951 535 4021 Schimmelpcnnincki
560 3958 647 4023 ubique
672 3960 752 4009 utitur
777 3961 861 4011 formis
884 3963 991 4012 Arausio
1015 3966 1039 4012 01
1063 3964 1222 4024 Araruieeus,
1245 3981 1267 4014 v.
1292 3981 1311 4016 e.

198 4037 307 4100 priscas
326 4035 443 4086 Arausiae
461 4041 523 4102 (pag.
543 4039 580 4100 8),
598 4039 671 4104 stirps
687 4040 824 4092 valdenses
842 4044 976 4094 Arausiaca
994 4047 1055 4110 (pag.
1072 4047 1101 4104 4,
1117 4045 1163 4106 29,
1178 4047 1221 4107 44>
1231 4046 1313 4112 sectio

204 4119 340 4169 Arauriasa
357 4123 381 4169 et
398 4121 587 4170 Antierausieea
604 4119 669 4187 (pag.
688 4123 742 4184 78),
760 4128 805 4175 cet.
830 4126 914 4176 Minus
931 4127 1004 4176 etiam
1019 4128 1168 4193 probandum
1180 4129 1312 4189 Auriasas,

204 4202 402 4264 quemadmodum
427 4203 549 4252 Menrsius
573 4203 682 4254 libellum
703 4221 772 4256 sunm
795 4207 824 4256 10
846 4208 976 4258 Guilielme
999 4210 1012 4258 I
1035 4211 1157 4277 inscripsit
1182 4210 1312 4262 (1010010000

204 4281 332 4332 Aetnaeus.
367 4284 459 4349 Quodsi
484 4288 615 4346 constaret,
641 4302 685 4351 pro
708 4288 810 4338 Arausio
827 4289 853 4338 in
872 4306 918 4341 usu
934 4307 1027 4356 quoqne
1045 4291 1116 4342 fuisse
1134 4291 1256 4352 Arausio,
1274 4294 1311 4343 10·

204 4365 232 4413 10
249 4368 313 4414 recte
334 4366 478 4416 ducerentur
495 4367 613 4431 genitivus
630 4367 751 4420 Areusr'tze
767 4375 792 4421 01
809 4372 925 4424 0110011νο
943 4372 1091 4425 Arausiaeus
1107 4378 1133 4426 et
1150 4374 1310 4434 Aramaua.
1364 4367 1368 4376 ⁸

205 4446 240 4496 Ol.
260 4447 358 4497 Oellerii
376 4449 462 4513 Geogr.
480 4449 562 4514 Antiq.
582 4451 608 4500 Τ.
627 4451 648 4501 1.
666 4468 719 4517 pag.
739 4453 794 4504 194.
