3362 5296
353 530 413 596 172
701 553 821 599 emersu
841 554 873 597 m
892 552 1032 598 uarmcu
1052 553 1106 599 con

420 730 518 810 Heic,
541 734 641 798 oculis
663 738 800 820 augusta
822 739 855 801 et
876 737 1042 801 maiestate
1064 738 1220 800 verendus

488 852 564 931 Ille,
589 857 684 919 modo
707 855 843 921 afflictae
865 857 958 922 firma
981 857 1130 921 columna
1152 856 1215 934 rei,

421 969 482 1046 Qui
504 994 578 1051 sua,
604 997 703 1059 quum
724 976 853 1040 rabidae
876 980 1021 1061 peterent
1043 997 1192 1060 pacemve
1215 975 1377 1054 cibumve,

490 1091 659 1159 Obtulerat
680 1095 770 1160 siccis
793 1096 935 1160 membra
958 1099 1099 1163 voranda
1122 1095 1216 1180 gulis.

419 1213 500 1279 Heic
527 1215 582 1280 alii
603 1216 723 1281 heroes.
770 1216 842 1281 Illic
864 1217 919 1301 pia
940 1217 1035 1281 turba
1057 1217 1213 1294 virorum,

487 1334 572 1411 Quos
594 1336 691 1402 reflat
713 1338 797 1402 cives
819 1337 919 1400 libera
941 1337 1044 1402 Roma
1067 1357 1149 1401 suos.

419 1455 543 1521 Gaudia
568 1456 596 1521 si
618 1457 658 1520 ad
682 1479 810 1542 superas
833 1460 969 1542 surgant
991 1456 1139 1522 mortalia
1161 1460 1266 1534 sedes,

487 1575 573 1651 Quae
597 1579 635 1639 de
659 1577 780 1642 sincero
804 1580 930 1662 pectore
952 1578 1038 1643 rivus
1062 1578 1148 1662 agit;

417 1695 563 1760 Iucundo
586 1696 723 1781 aligerae
745 1697 838 1761 vultu
861 1698 957 1762 risere
980 1698 1129 1776 choreae,

484 1815 644 1900 Astraque
666 1816 815 1882 coelestes
839 1839 1028 1902 personuere
1050 1818 1146 1882 modi.

417 1937 520 2003 Parva
543 1937 623 2017 fuit,
647 1939 674 2003 si
695 1961 762 2002 rem
785 1943 908 2024 repetas
932 1940 971 2003 ab
995 1939 1118 2023 origine
1140 1939 1260 2022 prima:

484 2057 563 2144 Spes
584 2060 751 2123 tamenin
773 2081 872 2144 parva
895 2080 961 2122 non
983 2059 1148 2123 mediocris
1170 2061 1248 2121 erat.

415 2179 534 2244 Vidisti
555 2184 684 2245 tenuem
706 2181 742 2244 in
766 2181 884 2246 montis
907 2180 1012 2244 radice
1040 2179 1234 2256 scatebram,

484 2299 531 2364 Ut
553 2302 653 2385 serpit
676 2302 774 2365 tacito
796 2324 853 2386 per
874 2301 945 2365 loca
968 2300 1035 2365 sola
1057 2302 1153 2384 pede3

415 2419 493 2483 Mox
516 2424 622 2485 autem
646 2422 777 2486 occultis
800 2422 883 2486 vires
905 2421 992 2505 capit
1013 2421 1233 2498 incrementis,

483 2542 631 2607 Flumine
650 2564 769 2628 perque
792 2543 885 2606 urbes
907 2541 1047 2629 volvitur
1068 2545 1101 2606 et
1121 2541 1281 2626 populos?

416 2663 468 2730 Sic
487 2669 617 2750 patrum
640 2664 701 2730 sibi
724 2663 899 2740 sufficiens,
924 2666 1020 2747 atque
1041 2662 1158 2726 indolis
1182 2662 1266 2726 altae

467 2783 617 2850 Conscia
639 2807 743 2862 mens,
766 2784 886 2868 coeptis
909 2784 1017 2847 omina
1038 2783 1122 2847 laeta
1144 2783 1234 2861 tulit,

413 2905 500 2971 Hinc
530 2905 614 2983 fore,
638 2906 694 2989 qui
716 2907 861 2990 peterent
883 2905 1010 2988 integre
1034 2925 1050 2968 e
1072 2903 1185 2968 fronde
1208 2924 1354 2980 coronas,

480 3025 550 3102 Qua
572 3047 738 3110 nunquam
760 3025 936 3088 humanum
959 3023 1121 3108 splenduit
1143 3026 1219 3087 ante
1243 3025 1348 3106 caput.

412 3146 564 3212 Evenere.
611 3146 720 3213 Nouos
742 3146 856 3210 habuit
878 3144 1037 3209 Medicina
1059 3143 1254 3228 triumph0s3

480 3268 557 3334 Vim
580 3267 683 3331 minui
704 3267 807 3331 doluit
829 3266 916 3330 Mors
939 3265 1120 3330 truculenta
1142 3287 1242 3330 suam.

411 3387 583 3452 Barbariae
606 3386 756 3450 domitrix
775 3408 855 3478 pausa
877 3389 925 3450 cst
947 3386 1111 3450 ostendere
1133 3388 1261 3450 sanctas

479 3506 627 3590 Europae
652 3507 738 3590 leges
761 3508 794 3570 et
816 3528 873 3571 sua
894 3507 964 3570 iura
986 3506 1125 3572 Themis.

412 3627 589 3692 Thesauros
612 3626 727 3712 pandit
748 3626 834 3692 dives
856 3625 982 3690 Natura
1003 3627 1158 3691 reclusos:

479 3746 654 3813 Astriferae
677 3747 789 3812 mundi
811 3768 871 3811 nec
892 3747 1013 3811 latuere
1035 3747 1113 3812 viae.

411 3865 494 3942 Quid
518 3867 652 3931 referam
673 3866 771 3932 lectas
795 3867 910 3931 Libani
932 3868 971 3931 de
995 3867 1112 3932 vertice
1134 3867 1277 3952 palmas?

480 3986 645 4070 Ductaque
667 4009 723 4071 per
746 4009 852 4052 sacros
874 3988 965 4072 orgia
987 3991 1075 4052 casta
1097 3988 1230 4054 choros?

410 4107 472 4173 Hic
495 4107 598 4171 Roma
621 4109 653 4170 et
676 4110 787 4171 doctae
808 4107 928 4170 laetum
951 4109 1100 4192 potuistis
1116 4106 1263 4173 Athenae

477 4227 505 4292 Ε
529 4226 633 4290 cinere
656 4229 689 4289 et
711 4226 812 4291 bustis
835 4228 1006 4292 exseruisse
1029 4232 1134 4314 caput.
1210 4257 1212 4266 ’

409 4349 454 4414 Et
475 4369 580 4425 nunc,
603 4350 678 4430 post
700 4348 803 4412 varios
825 4369 931 4412 rerum
954 4369 1105 4431 casusque
1127 4351 1289 4435 vicesque,

476 4466 574 4533 Felici
608 4468 703 4532 rediit
737 4467 813 4532 alite
846 4468 929 4534 festa
961 4468 1038 4531 dies.
