3362 5296
418 591 478 653 180
833 605 954 650 111111
972 606 1105 652 11111111

487 787 532 856 ut
553 789 710 874 populum
731 787 820 854 falsis
843 788 980 854 docuisti
1003 789 1134 855 vocibus
1157 789 1227 870 uti,

576 909 749 975 Involvens
772 910 858 975 dulci
879 913 965 974 tetra
989 931 1112 976 venena
1133 911 1226 976 favo:

485 1030 533 1096 Ut
554 1053 622 1097 sese
643 1031 680 1095 in
701 1031 779 1095 sella
801 1031 936 1096 iactaret
957 1052 1066 1095 scurra
1089 1032 1210 1111 emuli,

574 1149 683 1236 Atque
709 1155 819 1236 ageret
840 1154 947 1236 partes
971 1172 1051 1236 grex
1072 1151 1210 1218 Lciclita
1234 1176 1317 1219 suus.

484 1271 680 1352 1111111111,
708 1273 839 1338 incaute
862 1276 1004 1338 vendens
1028 1273 1141 1338 deliria
1161 1273 1299 1360 Belgae,

576 1393 758 1480 Corriperet
780 1395 919 1473 subitas,
942 1395 1108 1479 improbus
1131 1393 1220 1475 Irus,
1245 1418 1331 1481 opes.

485 1515 616 1602 Belgica
638 1516 703 1580 iam
726 1518 855 1580 centum
877 1516 962 1580 iusto
984 1537 1043 1600 pro
1065 1536 1142 1601 rege
1164 1519 1320 1601 tyrannos
1378 1491 1380 1494 Ι

575 1635 721 1722 Accipis,
746 1640 779 1701 et
801 1638 889 1722 turpi
913 1638 969 1702 das
992 1640 1049 1702 tua
1071 1638 1153 1703 colla
1175 1638 1263 1723 iugo.

483 1757 553 1823 Iam
576 1755 726 1824 Silvanus
747 1757 846 1823 habet
867 1758 983 1842 cupida
1006 1761 1092 1843 quod
1115 1761 1223 1823 mente
1244 1760 1378 1844 petivit:

573 1877 654 1944 Irati
677 1878 846 1964 explerunt
869 1871 977 1963 turpia
999 1881 1075 1944 vota
1097 1878 1167 1943 Dei.

483 1999 646 2086 Quemque
666 1999 760 2064 hodie
778 2001 819 2063 ad
838 2021 997 2064 summum
1015 2000 1143 2065 culmen
1162 2021 1274 2066 vexere
1291 2002 1453 2083 iocantes,

574 2120 669 2186 Hunc
691 2120 790 2186 iidem
812 2122 905 2205 lapsu
928 2142 997 2186 cras
1020 2122 1167 2206 graviore
1188 2125 1293 2188 ruent.

481 2241 499 2306 I
521 2263 628 2320 nunc,
653 2241 830 2326 composite
852 2241 946 2306 vultu
965 2243 997 2305 te
1020 2241 1107 2326 finge
1130 2241 1277 2320 beatum,

573 2361 650 2428 Non
672 2361 791 2446 poteris
815 2382 906 2426 curas
930 2361 1067 2446 effugere
1089 2361 1158 2446 ipse
1180 2364 1263 2428 tuas.
1320 2413 1323 2418 .

480 2481 565 2549 Nam
587 2483 742 2568 quidquid
763 2483 879 2562 facias,
903 2503 1030 2568 quoquo
1054 2484 1190 2568 vestigia
1211 2482 1339 2564 flectas,

573 2604 618 2668 Te
640 2604 720 2689 vigil
743 2604 904 2668 excruciat
927 2604 1191 2688 subsequiturque
1214 2606 1329 2674 metus.

481 2728 659 2794 Destrictus
682 2728 824 2813 pendens
848 2725 1022 2791 cervicibus
1044 2726 1192 2790 imminet
1215 2727 1309 2792 ensis.

571 2848 710 2934 Suspice.
756 2846 932 2912 Letiferam
956 2849 1023 2911 setu
1045 2846 1189 2912 remittet
1212 2867 1304 2911 onus.

481 2971 546 3036 Ora
568 2970 647 3035 boni
669 2970 753 3034 cives
775 2971 807 3033 te
830 2970 1022 3052 procedente
1043 2969 1249 3052 retorquent,

567 3092 781 3176 Opprobrium
805 3092 838 3154 et
855 3089 978 3173 patriae
1001 3089 1236 3175 perniciemque
1258 3095 1387 3156 vocant.

480 3212 567 3278 Audi
588 3214 817 3298 indignantum
840 3232 933 3276 voces
956 3213 989 3276 et
1010 3233 1190 3289 murmura,
1215 3233 1296 3295 quae
1320 3234 1387 3277 non

572 3333 681 3417 Usque
703 3333 799 3396 minis
821 3353 879 3396 nec
902 3332 950 3410 vi,
974 3353 1059 3396 nane
1082 3332 1233 3416 superbe,
1257 3354 1391 3416 premes.

481 3454 569 3519 Haec
591 3453 652 3517 tibi
674 3452 863 3537 praedicunt
886 3452 1007 3531 (111111,
1033 3452 1177 3531 Silvano,
1201 3453 1393 3537 procellam,

570 3574 659 3640 Haec
682 3573 780 3658 capiti
804 3574 964 3657 spondent
986 3572 1123 3638 fulmina
1146 3574 1235 3638 mille
1258 3576 1326 3640 tuo.

478 3697 578 3763 Parce
600 3699 709 3761 tamen
730 3694 879 3778 lacrymis
903 3695 936 3758 et
958 3694 1096 3759 femineo
1121 3695 1257 3759 ululatu.

570 3816 654 3881 Olim
677 3837 762 3879 mors
785 3815 912 3899 gravior
935 3814 1069 3879 crimina
1091 3815 1184 3880 foede
1206 3820 1328 3883 manet.

478 3935 624 4002 Vivcndc
648 3936 756 4000 vinces
778 3938 836 3999 tua
858 3933 942 4012 fata,
967 3934 1102 4019 Tibique
1125 3940 1302 4021 superstes,

569 4055 700 4121 Errabis
722 4055 819 4140 patrii
842 4055 953 4120 limitis
977 4056 1084 4135 exsul,
1113 4057 1217 4142 inops.

476 4179 521 4244 ,ut
542 4177 662 4264 populo
685 4177 795 4261 digitis
819 4199 839 4240 a
860 4179 1083 4260 praetereunte
1108 4181 1259 4258 notatus,

565 4298 701 4374 Quaeres
725 4297 890 4360 nocturnis
913 4297 1028 4361 abdere
1050 4300 1082 4362 te
1105 4299 1254 4364 tenebris.

474 4422 574 4506 Saepe
596 4418 683 4484 voles
705 4419 817 4500 laqueo
842 4418 996 4482 cervicem
1019 4418 1150 4484 illidere.
1199 4419 1260 4485 Sed
1284 4426 1316 4488 te

563 4539 787 4624 Destituatque
810 4538 936 4604 animus
961 4538 1198 4626 destituantque
1222 4564 1347 4608 manus.
