3338 5302
356 487 396 548 56
851 487 959 539 osdrlo

401 685 479 752 Non
509 687 629 749 certam
661 703 720 768 ego
747 679 909 765 regionem
932 676 1088 762 cogitavi,
1112 698 1216 762 neque
1239 679 1384 765 exempla
1407 682 1466 746 ad-

357 805 475 885 feram,
507 825 567 870 nec
597 825 671 882 ros,
703 803 814 880 credo,
847 823 884 866 eo
913 798 1091 884 postulatis.
1138 797 1222 864 Sunt
1253 801 1339 864 enim
1369 806 1467 882 nota,

358 930 435 991 sunt
457 927 602 992 omniurn
624 927 810 1004 nationum,
835 925 928 1000 sunt,
952 922 980 986 si
1002 921 1126 986 remed
1145 920 1255 986 vivum
1273 944 1466 1004 resecamus,

358 1047 453 1111 unius
484 1048 685 1132 eiusdemque
718 1046 861 1132 generis,
893 1064 996 1129 poena
1027 1043 1152 1127 spretae
1174 1042 1273 1127 legis,
1297 1065 1360 1127 qua
1382 1045 1467 1110 salus

358 1171 391 1231 et
419 1168 588 1233 eoncordia
619 1167 748 1246 mundi,
780 1166 908 1231 vinculo
938 1162 1134 1240 firmissimo,
1159 1163 1338 1248 constringi
1361 1168 1466 1230 eonti-

357 1289 487 1373 nerique
517 1290 622 1354 debet.
682 1285 846 1353 Consulite
876 1307 982 1349 rerum
1013 1283 1130 1366 ubique
1161 1285 1322 1368 gestarum
1349 1308 1465 1352 monu-

357 1413 481 1489 menta,
516 1409 630 1475 videtis
666 1408 758 1493 quasi
792 1409 911 1471 metam
944 1405 980 1470 in
1012 1405 1167 1468 immenso
1202 1404 1285 1470 circo
1316 1406 1463 1491 positam.

356 1529 508 1615 Singulae
542 1533 655 1614 gentes
690 1527 829 1593 stadium
862 1526 1107 1612 ingrediuntur,
1143 1529 1294 1605 currunt,
1329 1529 1463 1609 sudent,

356 1651 528 1728 anhelant,
559 1654 609 1728 et,
639 1650 715 1714 dum
739 1650 839 1714 altere
860 1648 953 1713 alteri
974 1649 1037 1712 iter
1059 1643 1213 1710 infestum
1237 1646 1331 1727 facit,
1357 1649 1464 1714 defici-

356 1776 418 1843 unt
451 1773 525 1835 ante
559 1792 656 1855 quam
691 1773 810 1834 metam
843 1769 1023 1853 attingunt.
1081 1765 1195 1851 Itaque
1229 1769 1270 1832 ad
1304 1789 1463 1850 carceres,

355 1892 440 1957 unde
464 1894 556 1956 erant
579 1892 728 1970 emissae,
752 1892 950 1955 redeundum
973 1892 1030 1954 est.

400 2011 434 2078 Si
458 2012 627 2088 ¹dubitatur
660 2035 703 2076 an
725 2034 835 2077 verum
858 2011 916 2089 sit,
941 2013 1028 2094 quod
1049 2011 1200 2076 nonnulli
1220 2014 1387 2094 statuunt,
1412 2036 1462 2078 or·

354 2133 427 2197 bem
461 2133 648 2198 nationibus
683 2132 775 2217 quasi
809 2130 927 2197 circino
962 2152 1029 2196 esse
1064 2130 1272 2216 descriptum,
1304 2133 1340 2196 in
1369 2155 1462 2217 quem

354 2252 464 2316 orbem
492 2256 645 2338 perpetuo
670 2256 760 2319 motu
782 2253 1079 2332 circumducantur,
1104 2254 1138 2316 at
1161 2252 1222 2318 hoc
1245 2275 1313 2319 non
1335 2255 1461 2320 dubita·

354 2376 427 2452 tur,
445 2372 606 2438 'nationes
636 2374 677 2439 ad
708 2375 792 2438 hanc
823 2374 1007 2438 memoriam
1038 2395 1138 2458 usque
1168 2375 1204 2439 in
1233 2375 1326 2440 illum
1354 2377 1461 2441 orbem

354 2515 420 2558 esse
460 2493 700 2559 circumductas.
761 2493 880 2559 Utrum
920 2516 1042 2579 semper
1082 2495 1379 2574 circumducantur,
1420 2519 1461 2561 en

354 2614 494 2678 monitae
521 2613 629 2678 divina
650 2614 834 2691 voluntate,
859 2635 892 2678 se
914 2613 1001 2698 ipsae
1023 2614 1059 2678 in
1080 2614 1261 2680 libertatem
1284 2617 1456 2702 aliquando

353 2733 418 2798 sint
449 2737 639 2813 asserturae,
672 2733 757 2799 Deus
781 2733 890 2810 novit;
914 2733 947 2797 vi
969 2733 1097 2817 quidem
1120 2737 1153 2799 et
1175 2736 1270 2800 armis
1293 2759 1458 2822 nunquam

354 2877 390 2920 eo
413 2856 609 2940 pervenient.
821 2931 826 2935 ¹

361 3029 364 3034 .
398 2975 516 3052 Quodsi
545 2977 646 3061 igitur
677 2975 795 3041 Divina
826 2975 1028 3060 providentia
1059 2976 1120 3041 hoc
1151 2978 1318 3042 consilium
1349 2980 1386 3043 in
1411 2982 1458 3044 te-

353 3101 459 3164 nendo
494 3098 638 3164 omnium
671 3120 777 3163 rerum
806 3097 939 3183 imperio
973 3098 1131 3182 sequitur,
1163 3101 1277 3184 sponte
1308 3104 1457 3186 apparet,

353 3221 486 3289 eandem
518 3223 677 3299 mentem,
704 3241 761 3304 per
784 3219 888 3285 varies
911 3221 1018 3304 portes
1041 3220 1132 3303 quasi
1154 3219 1311 3300 infusam,
1335 3221 1463 3306 singula

354 3341 403 3406 ed
427 3342 511 3405 idem
545 3340 713 3404 consilium
747 3340 862 3404 referre
897 3344 993 3426 atque
1028 3342 1171 3426 dirigere.
1218 3341 1309 3418 Quod
1340 3348 1460 3410 veteres

352 3461 496 3526 historici
529 3464 723 3545 usurparunt
751 3461 906 3525 invidiam
929 3461 1005 3540 fati,
1029 3463 1070 3527 ad
1092 3485 1130 3527 ee
1153 3464 1356 3548 explicanda,
1381 3488 1461 3550 quae

352 3581 567 3666 intelligentia
588 3603 656 3647 non
679 3581 943 3666 assequebantur,
967 3581 1030 3648 hoc
1050 3584 1089 3648 iis
1115 3587 1182 3649 tam
1205 3585 1297 3650 facile
1316 3586 1455 3671 ignosci·

354 3727 440 3783 mus,
473 3727 569 3789 quem
600 3707 693 3790 turpe
723 3703 884 3782 ducimus,
915 3704 942 3768 si
968 3705 1039 3788 quis
1062 3705 1157 3770 hodie
1181 3706 1232 3772 vel
1255 3709 1294 3771 de
1314 3707 1375 3772 hoc
1400 3730 1459 3773 no-

354 3824 439 3888 mine
466 3825 594 3908 cogitet.
641 3823 723 3890 Solis
746 3826 779 3888 et
802 3824 897 3889 lunae
921 3825 1021 3904 vices,
1045 3828 1152 3890 aestus
1175 3828 1208 3891 et
1229 3827 1357 3913 pluvia,
1381 3829 1460 3894 certi

354 3965 512 4009 annorum
542 3947 663 4010 moetus
693 3943 807 4008 herbas
837 3947 870 4008 et
896 3944 1005 4029 fruges
1028 3946 1194 4026 nutriunt,
1219 3970 1269 4013 res
1292 3949 1459 4016 hominum

353 4085 446 4130 coeco
467 4064 647 4149 crudelique
670 4085 744 4128 casu
767 4064 886 4144 fiuant,
910 4087 977 4130 nou
1001 4069 1094 4152 aptae
1118 4068 1203 4133 inter
1227 4091 1260 4134 se
1279 4091 1458 4136 connexae-

354 4209 414 4270 que
445 4211 464 4252 e
493 4185 689 4272 sapientibus
718 4188 750 4250 et
780 4186 872 4251 bonis
900 4187 1001 4252 causis
1024 4191 1203 4273 pendeant,
1229 4191 1322 4255 utin
1345 4195 1459 4258 catena

353 4309 491 4374 annulus
514 4307 555 4372 ab
578 4305 725 4371 annulo?

397 4427 441 4493 Et
462 4433 572 4494 tamen
594 4426 646 4492 hic
671 4427 763 4495 nobis
786 4429 963 4497 occurritur
987 4451 1006 4494 a
1029 4429 1131 4499 doctis
1154 4429 1362 4518 quibusdam,
1385 4453 1459 4518 pro·
