3338 5302
908 465 928 509 x

369 649 509 718 qnondam
528 647 558 702 in
581 647 728 718 Opnsculis
747 647 960 703 Ruhnkenianis
979 644 1110 714 fecimus,
1129 645 1171 702 ita
1190 665 1264 703 nunc
1283 649 1313 702 in
1333 649 1386 705 hac
1405 669 1472 721 quo·

362 743 422 823 'que
448 753 550 807 iterato
574 751 731 807 recensione
765 751 1000 821 repraesentanda
1024 751 1124 822 prioris
1143 751 1309 808 varietatem
1329 756 1473 810 contextui

369 856 544 912 subiecimus.
582 857 700 911 Discant
723 856 787 911 inde
812 855 975 911 Latinitatis
1005 856 1122 912 studiosi
1150 855 1276 924 iuvenes,
1301 861 1472 931 quantopere

368 961 505 1032 prioribus
531 962 603 1017 curis
629 964 772 1032 praestent
795 961 970 1032 posteriores.
998 994 1031 1002 -
1060 962 1102 1016 Ex
1128 963 1318 1019 Annctatione
1337 980 1417 1034 vero,
1437 983 1472 1020 ne

368 1068 454 1122 moles
478 1067 544 1122 libri
568 1069 678 1137 praeter
698 1067 811 1122 modum
830 1070 1012 1134 excresceret,
1033 1083 1066 1122 ea
1084 1069 1198 1123 tantum
1218 1069 1390 1139 excerpenda
1410 1087 1472 1125 oen-

368 1173 487 1240 suimus,
517 1189 588 1242 quae
617 1172 653 1226 ad
681 1171 819 1226 dictorum
847 1156 1081 1242 intelligentiam*
1091 1173 1216 1244 proxime
1241 1174 1396 1243 pertinere,
1422 1193 1472 1231 nee

367 1277 425 1334 sine
441 1277 635 1350 ambiguitatis
650 1280 701 1333 aut
715 1276 893 1334 obscuritatis
907 1277 1030 1347 periculo
1046 1277 1197 1333 desiderari
1206 1295 1285 1351 posse
1296 1279 1471 1336 videbantur.

403 1456 535 1512 Eiusdem
561 1456 628 1511 anni
652 1473 747 1511 mense
766 1455 936 1526 Septembri,
956 1472 1011 1525 quo
1032 1456 1076 1511 die
1097 1456 1239 1513 Vexillum
1258 1458 1384 1514 militum
1409 1477 1472 1515 aea

366 1561 551 1628 demicorum,
574 1562 623 1630 qui
642 1578 715 1616 anuo
736 1561 808 1615 1830
828 1569 858 1616 et
878 1577 934 1631 seq.
955 1563 1047 1616 castre
1064 1561 1206 1630 obierant,
1224 1563 1254 1617 in
1275 1563 1410 1622 Senaculo
1430 1584 1472 1622 re-

365 1667 526 1737 ponendum
545 1669 621 1734 erat,
642 1666 767 1721 Rectoris
787 1666 929 1737 Magnidci
947 1667 1008 1722 loco
1028 1667 1173 1724 Prorector
1192 1668 1402 1741 Peerlkampius
1421 1690 1471 1743 pu-

364 1771 467 1827 blicam
505 1771 659 1827 orationem
687 1771 802 1837 habuit,
832 1771 988 1826 Annalibus
1016 1771 1189 1828 Academicis
1217 1773 1367 1841 insertam,
1394 1775 1471 1832 ouius

364 1880 502 1948 quantum
521 1877 649 1934 novimus
668 1876 839 1946 exemplaria
858 1893 980 1932 seorsum
1000 1876 1077 1933 edita
1095 1895 1152 1934 non
1173 1881 1294 1935 exstant.

402 2088 546 2160 Pergimus
565 2089 600 2144 ad
618 2091 728 2160 poetica.

403 2193 612 2264 Peerlkampius
631 2210 668 2248 an
687 2210 810 2263 unquam
836 2193 961 2248 Carmina
980 2195 1103 2249 iuvenilia
1122 2193 1255 2262 ediderit,
1274 2197 1308 2250 ut
1326 2195 1430 2251 alicubi
1449 2197 1471 2268 Ι)

365 2298 486 2354 relatum
509 2297 644 2368 legimus,
669 2297 749 2352 nobis
768 2296 881 2366 quidem
901 2314 957 2352 non
977 2300 1095 2354 constat.
1133 2299 1192 2354 Neo
1211 2303 1323 2370 praeter
1341 2300 1471 2356 Carmina

363 2403 418 2458 hoc
436 2403 578 2458 volumine
597 2401 796 2472 comprehensa
814 2401 967 2471 quidquam
983 2403 1019 2457 ab
1035 2419 1068 2458 eo
1084 2403 1195 2474 publice
1212 2404 1319 2460 editum
1332 2405 1469 2462 norimus.

363 2507 397 2562 In
415 2507 460 2562 his
480 2509 560 2563 sunt:
1365 2487 1367 2494 Ι

406 2612 532 2667 Carmina
560 2613 671 2684 quinque
686 2613 844 2682 pertinentia
864 2613 901 2666 od
919 2614 1093 2668 calamitatem
1112 2614 1262 2669 Leidensem
1284 2630 1328 2670 x11
1347 2615 1470 2670 Ianuarii

365 2718 452 2785 1807,
478 2735 496 2772 a
519 2717 728 2787 Peerlkampio,
755 2717 847 2772 adhuc
866 2715 1011 2788 Gymnasii
1031 2718 1228 2774 Doccumensis
1247 2720 1381 2786 Rectore,
1401 2720 1468 2775 Gro-

363 2823 464 2894 ningae
490 2826 519 2879 et
542 2822 746 2878 Amstelodami
772 2823 847 2893 apud
873 2824 1004 2879 Wouters
1030 2827 1060 2879 et
1083 2824 1196 2880 Numan
1221 2825 1306 2882 edita.
1344 2827 1386 2881 De
1412 2843 1468 2896 qna

363 2929 546 2995 calamitate,
568 2929 690 2984 carmine
710 2945 726 2983 a
744 2927 924 2997 Bilderdykio
942 2928 1081 2984 celebrata
1097 2932 1127 2984 et
1142 2931 1301 2986 narratione
1316 2930 1467 2987 vernacula

362 3051 379 3088 a
398 3033 596 3105 Siegenbeekio
615 3032 763 3087 memoriae
784 3031 895 3102 prodita
906 3031 943 3101 ²),
964 3034 1203 3104 operaepretium
1225 3038 1268 3091 est
1287 3035 1378 3107 legere
1396 3051 1467 3105 quae

362 3139 470 3194 cuorus
489 3139 614 3194 tribusve
633 3136 702 3193 locis
720 3137 819 3193 nosne
838 3136 937 3192 retunt
951 3137 1201 3208 wyttenbachius,
1218 3157 1282 3193 cum
1299 3138 1366 3194 ssa
1384 3121 1468 3210 opera

361 3242 390 3296 in
410 3243 529 3312 epistola
547 3243 584 3297 ad
599 3243 839 3308 Sanctoorucium,
854 3241 976 3312 primum
992 3243 1069 3298 edita
1084 3261 1102 3297 a
1119 3242 1232 3298 Mahnio
1248 3243 1277 3298 in
1293 3245 1361 3300 Vita
1385 3245 1468 3314 Wyt·

361 3346 504 3403 tenbachii
528 3364 592 3418 pag.
614 3346 774 3412 184-188,
795 3351 855 3401 tum
875 3346 986 3401 brevius
1004 3346 1033 3401 in
1053 3347 1179 3418 epistolis
1198 3348 1236 3403 ad
1255 3348 1417 3404 Schntnium
1439 3352 1468 3405 ot

361 3452 507 3517 Wolfium,
527 3451 616 3521 Epist.
636 3449 740 3505 Fascio.
760 3449 796 3504 II.
816 3469 842 3520 p.
864 3449 899 3504 32
920 3468 959 3519 sq.
981 3451 1015 3505 37
1037 3469 1076 3520 sq.

398 3557 451 3612 Pro
470 3555 570 3613 vitioso
591 3574 692 3627 crepere
710 3555 739 3609 in
759 3556 849 3610 Oarm.
860 3555 900 3610 IV
919 3574 958 3611 vs.
980 3556 996 3609 9
1017 3555 1144 3611 dedimus
1164 3575 1274 3628 coepere,
1295 3575 1327 3613 ao
1343 3575 1392 3629 pro
1409 3559 1467 3612 Nn-

360 3663 541 3730 miniterium,
560 3662 629 3717 ibid.
648 3681 689 3717 vs.
710 3662 760 3729 38,
779 3664 817 3716 N.
836 3665 920 3729 iram,
941 3665 1091 3733 utrumque
1110 3679 1192 3718 sensu
1211 3663 1252 3718 ita
1271 3665 1441 3734 postulante.

397 3769 485 3824 Paulo
503 3770 676 3838 postrorum
696 3766 851 3838 patriarum
870 3767 1075 3824 conversionem
1096 3785 1113 3822 a
1129 3767 1319 3824 dominatione
1335 3768 1468 3824 Franciea

361 3873 397 3928 ad
419 3873 580 3928 libertatem
603 3873 654 3927 sub
680 3873 762 3928 finem
783 3872 849 3928 anni
871 3873 958 3940 1813,
978 3873 1142 3943 prodierunt
1162 3873 1213 3928 sub
1233 3875 1346 3930 nomine
1366 3874 1467 3928 Aristo-

358 3979 456 4051 pitoois
479 3979 565 4032 Frisii
592 3977 719 4032 Carmina
745 3981 854 4051 quinque
880 3981 970 4033 dicata
989 3980 1082 4034 tenori
1101 3997 1133 4034 oc
1152 3981 1249 4034 mentre
1268 3978 1339 4050 (sive
1358 3978 1467 4049 potius,

359 4100 410 4154 per
433 4082 566 4145 ironiam,
586 4083 715 4149 infamiae
733 4101 765 4137 ac
781 4082 957 4152 facinoribus)
977 4083 1151 4155 Napoleootis
1171 4083 1279 4155 Mopsi,
1301 4100 1372 4153 quae
1394 4099 1467 4138 anno

363 4218 524 4238 ...nnn-⁸-

394 4301 419 4360 1)
435 4301 474 4350 ne
491 4267 683 4348 ueteratorie
699 4299 835 4361 Spectator,
860 4296 890 4345 15
910 4295 981 4361 spru
1001 4297 1077 4356 reos,
1095 4297 1142 4346 ue.
1160 4298 1204 4356 14,
1223 4295 1297 4346 aaa
1317 4297 1365 4347 no
1382 4314 1411 4348 en
1429 4312 1469 4350 vv.

393 4381 421 4446 2)
438 4378 546 4430 Leiden's
566 4381 652 4442 Ramp,
677 4380 734 4427 door
754 4379 803 4428 Mr.
826 4378 866 4427 W.
889 4379 1042 4428 Bunnsnnn
1058 4395 1088 4428 en
1105 4380 1141 4428 M.
1160 4381 1328 4438 Smsnuannu,
1347 4385 1395 4430 met
1412 4381 1466 4447 ast.

298 4509 299 4516 ,
359 4465 521 4523 Amterdam,
539 4465 563 4512 J.
582 4463 669 4512 Azart
685 4477 713 4510 en
730 4463 754 4510 J.
773 4462 844 4520 Ruit,
865 4463 937 4510 1808.
