3362 5300
718 595 906 644 ascroasms.
1296 577 1356 642 115

249 783 306 845 180
335 781 448 846 domus
478 783 658 865 supererat,
689 785 722 846 et
751 781 931 847 Ludovicus
962 776 1042 846 XIV
1071 799 1146 845 eum
1172 777 1261 846 breri
1282 784 1357 865 post

249 901 432 966 Arausione
453 901 611 986 spoliavit.
656 901 815 967 Modestia
839 905 1001 967 autemst
1025 902 1192 987 diligentia
1211 900 1358 986 inprimis

251 1023 371 1099 eluxit,
393 1022 517 1088 scholas
535 1021 755 1114 Professorum
775 1023 884 1087 sedulo
904 1024 1053 1101 audiens,
1075 1025 1237 1088 addemus
1249 1043 1358 1088 eorum

251 1144 434 1222 ventitans,
458 1144 571 1221 verbo,
597 1165 629 1208 se
648 1146 754 1207 totum
774 1143 813 1208 iis
834 1144 973 1222 dedidit,
994 1165 1097 1228 neque
1117 1143 1210 1208 facile
1225 1142 1358 1228 aliquod

252 1265 395 1331 solemne
416 1263 643 1330 Academicum
665 1285 703 1329 eo
726 1284 792 1328 non
815 1267 982 1348 praesente
1003 1265 1231 1330 celebrabatur.

300 1385 386 1450 Talis
413 1385 595 1450 adolescens
619 1407 715 1469 quam
738 1385 841 1450 multa
863 1387 904 1448 ad
926 1386 1077 1450 81818188
1100 1390 1133 1450 81
1155 1385 1359 1469 prudentiam

251 1505 440 1592 profecerit,
472 1505 548 1570 licet
579 1505 686 1569 88118
708 1505 863 1588 rebusque
887 1506 985 1590 gestIs
1008 1505 1147 1591 intelligi
1169 1505 1287 1591 possit,
1310 1509 1359 1570 te·

252 1631 358 1693 status
393 1629 440 1691 881
471 1626 653 1703 Fabricius,
685 1626 736 1690 cui
766 1626 874 1710 potius
905 1629 1016 1703 credo,
1047 1649 1144 1711 quam
1177 1625 1360 1704 Germanis,

252 1749 312 1833 qui
339 1749 508 1832 scripsere,
541 1745 749 1811 Guiliclmum
777 1746 824 1811 118
856 1745 954 1810 fuisse
977 1747 1127 1812 eductum
1150 1750 1361 1833 doctumque,

252 1872 311 1947 ut,
335 1871 461 1953 praeter
484 1867 649 1945 militaria,
673 1867 755 1931 nihil
779 1867 897 1932 discere
919 1869 1070 1952 potuerit.
1101 1867 1197 1932 Haud
1216 1869 1362 1953 equidem

254 1992 416 2055 contendo
447 1988 629 2072 Principem
652 1988 750 2052 fuisse
774 1989 953 2066 eruditum,
977 1992 1034 2052 aut
1056 1992 1187 2073 pmpter
1209 1990 1362 2055 eruditio-

253 2133 332 2175 nem
354 2111 390 2174 in
412 2108 585 2174 Academia
608 2107 781 2174 Oxoniensi
803 2111 944 2174 creatum
968 2107 1051 2172 Iuris
1073 2107 1254 2174 Doctorem.
1300 2108 1363 2175 Sed

253 2233 367 2296 eadem
397 2229 571 2293 Academia
602 2249 694 2312 saepe
726 2228 805 2293 81108
835 2228 954 2296 0888811
983 2227 1156 2307 Doctores,
1181 2228 1363 2314 88081181-

254 2352 401 2428 lielmus,
434 2350 461 2414 si
491 2369 541 2414 res
571 2349 606 2413 in
632 2349 784 2415 iudicium
807 2349 962 2427 venisset,
987 2349 1149 2433 adspicere
1171 2352 1284 2415 contra
1305 2373 1364 2437 po-

254 2472 381 2537 tuisset.
428 2469 541 2554 Neque
564 2469 792 2548 eruditionem,
815 2491 880 2555 qua
901 2469 996 2534 otiosi
1013 2470 1158 2536 homines
1178 2474 1364 2550 censentem,

254 2594 296 2657 in
325 2591 473 2675 Principe
503 2592 686 2668 laudamus,
715 2613 795 2676 quae
817 2591 1003 2676 plerumque
1026 2592 1144 2657 damno
1168 2592 1285 2658 0181888
1307 2615 1365 2679 pa-

257 2717 366 2791 retur,
397 2717 430 2777 et
460 2735 535 2778 8888
564 2713 600 2777 18
629 2713 669 2777 iis
698 2712 917 2776 doctrinarum
940 2713 1046 2776 studia
1069 2713 1172 2797 magis
1194 2714 1366 2798 impediat,

257 2857 358 2920 quam
385 2835 482 2899 18801.
529 2833 701 2898 Enimvero
725 2831 793 2898 8118
815 2834 1079 2912 adolescentium,
1103 2835 1219 2918 quibus
1241 2835 1368 2920 generis

257 2955 413 3020 nobilitas
443 2975 545 3039 regna
574 2956 607 3018 et
636 2953 770 3038 imperia
801 2953 959 3030 ostendit,
991 2975 1085 3039 saepe
1114 2977 1181 3019 non
1211 2959 1261 3020 est
1282 2956 1367 3020 invi-

259 3078 375 3142 denda.
423 3075 583 3160 dequid
607 3077 707 3159 agant
730 3074 781 3138 vel
805 3073 932 3152 dicant,
955 3074 1016 3139 hoc
1040 3074 1095 3140 alii
1117 3097 1175 3159 pro
1199 3097 1255 3140 suo
1279 3075 1367 3160 quis-
1465 3123 1470 3129 -

259 3219 325 3283 que
354 3197 485 3281 ingenio
515 3197 787 3281 interpretantur:
819 3196 875 3279 qui
909 3195 1040 3259 minime
1070 3217 1124 3261 cos
1150 3199 1366 3281 cognoscunt,

259 3320 299 3384 hi
327 3321 491 3403 tamquam
519 3317 626 3381 omnia
649 3317 784 3381 scientes
809 3316 969 3400 gestiunt,
995 3320 1027 3381 st
1049 3318 1188 3402 plurima
1210 3339 1267 3404 per
1290 3339 1367 3384 con-

260 3444 379 3506 888188
402 3443 434 3503 81
453 3437 587 3503 01808108
610 3437 808 3521 vespertinos
831 3437 1018 3521 loquuntur.
1065 3437 1225 3503 Nonnulli
1244 3461 1370 3525 quoque

262 3563 441 3627 ardeliones
473 3565 505 3626 et
534 3559 662 3624 odiosae
690 3559 902 3623 humanitatis
933 3561 1162 3638 ostentatores,
1194 3561 1249 3644 qui
1275 3562 1371 3626 verba

262 3683 415 3768 factaque
438 3682 546 3746 omnia
570 3703 627 3746 sua
649 3679 838 3745 calamistris
854 3680 1006 3758 inurunt,
1027 3701 1064 3744 ac
1080 3684 1265 3765 propterea,
1284 3685 1371 3746 unde

264 3826 333 3868 non
364 3804 554 3888 sperabant,
588 3801 737 3878 refutati,
768 3801 922 3866 invidiam
947 3824 966 3865 a
987 3801 1138 3885 praelatis
1161 3802 1221 3866 sibi
1243 3821 1371 3886 praece·

265 3927 417 4013 ptoribus
438 3927 478 3989 ad
496 3923 662 4009 Principes
673 3923 883 3988 transferunt.
909 3922 969 3987 Vel
989 3923 1179 3990 excellentes
1197 3923 1258 3988 viri
1275 3944 1372 4007 quam

266 4117 441 4130 ——-.-...

301 4227 432 4276 Arauricne
453 4228 571 4292 8801188811)
607 4226 721 4275 Reddidit
743 4229 823 4275 tamen
847 4243 866 4275 8.
887 4227 963 4285 1664,
982 4228 1004 4275 1.
1025 4228 1056 4276 19
1073 4228 1215 4278 Decembris.
1249 4229 1303 4293 Quo
1320 4245 1373 4294 pcr-

264 4309 329 4358 11881
343 4309 440 4374 scriptio
455 4309 557 4360 Gallicos
576 4309 690 4359 Palation
704 4309 733 4358 de
746 4323 771 4358 re
784 4309 825 4372 qui
837 4306 894 4357 s’est
903 4307 977 4372 paral
987 4325 1019 4358 aa
1033 4309 1228 4360 restablissement
1240 4310 1373 4376 (1088888,

259 4409 314 4454 par
330 4393 406 4442 Mora.
424 4393 453 4440 de
472 4393 612 4442 Otcmbnm.
648 4392 756 4456 Orange,
776 4391 847 4440 less.

302 4472 437 4541 Fabricius)
473 4475 503 4523 In
521 4476 588 4524 Orat.
607 4471 722 4523 saeculari
738 4473 810 4522 Acad.
828 4489 849 4522 a
869 4472 945 4532 1725,
962 4489 984 4538 p.
1004 4475 1043 4523 24.
1061 4474 1108 4524 vid.
1126 4475 1213 4525 Annot.

306 4559 432 4622 Tarrqaam
449 4556 527 4606 omniu
542 4555 655 4623 88188188)
689 4557 733 4606 111.
750 4569 786 4621 pr.
804 4555 883 4604 888818
898 4555 1006 4608 8888188.
