<?xml version="1.0" encoding="UTF-8"?>
<!DOCTYPE html PUBLIC "-//W3C//DTD XHTML 1.0 Transitional//EN"
    "http://www.w3.org/TR/xhtml1/DTD/xhtml1-transitional.dtd">
<html xmlns="http://www.w3.org/1999/xhtml" xml:lang="en" lang="en">
 <head>
  <title>
</title>
<meta http-equiv="Content-Type" content="text/html;charset=utf-8" />
  <meta name='ocr-system' content='tesseract 3.04.00' />
  <meta name='ocr-capabilities' content='ocr_page ocr_carea ocr_par ocr_line ocrx_word'/>
</head>
<body>
  <div class='ocr_page' id='page_1' title='image "./opusculaoratori00peergoog/opusculaoratori00peergoog_0184.png"; bbox 0 0 3362 5296; ppageno 0'>
   <div class='ocr_carea' id='block_1_1' title="bbox 501 625 1265 703">
    <p class='ocr_par' dir='ltr' id='par_1_1' title="bbox 501 625 1265 703">
     <span class='ocr_line' id='line_1_1' title="bbox 501 625 1265 703; baseline -0.005 -6"><span class='ocrx_word' id='word_1_1' title='bbox 501 655 533 697; x_wconf 73' lang='lat' dir='ltr'>nr</span> <span class='ocrx_word' id='word_1_2' title='bbox 554 656 773 702; x_wconf 74' lang='lat' dir='ltr'>napouaouran</span> <span class='ocrx_word' id='word_1_3' title='bbox 794 658 930 703; x_wconf 75' lang='lat' dir='ltr'>menon.</span> <span class='ocrx_word' id='word_1_4' title='bbox 1211 625 1265 694; x_wconf 81' lang='lat'>161</span> 
     </span>
    </p>
   </div>
   <div class='ocr_carea' id='block_1_2' title="bbox 228 829 1195 1164">
    <p class='ocr_par' dir='ltr' id='par_1_2' title="bbox 228 829 1195 1164">
     <span class='ocr_line' id='line_1_2' title="bbox 229 829 1149 924; baseline 0.003 -30"><span class='ocrx_word' id='word_1_5' title='bbox 229 829 376 912; x_wconf 82' lang='lat' dir='ltr'>Somnia,</span> <span class='ocrx_word' id='word_1_6' title='bbox 400 839 433 900; x_wconf 99' lang='grc' dir='ltr'><strong>εὴ</strong></span> <span class='ocrx_word' id='word_1_7' title='bbox 455 859 638 922; x_wconf 77' lang='lat' dir='ltr'>oppressam</span> <span class='ocrx_word' id='word_1_8' title='bbox 661 863 730 924; x_wconf 90' lang='lat' dir='ltr'>spes</span> <span class='ocrx_word' id='word_1_9' title='bbox 754 840 851 904; x_wconf 85' lang='lat' dir='ltr'>fallax</span> <span class='ocrx_word' id='word_1_10' title='bbox 872 838 980 903; x_wconf 84' lang='lat' dir='ltr'>ludere</span> <span class='ocrx_word' id='word_1_11' title='bbox 1000 838 1149 900; x_wconf 80' lang='lat' dir='ltr'>menbem.</span> 
     </span>
     <span class='ocr_line' id='line_1_3' title="bbox 228 949 1195 1028; baseline 0.003 -14"><span class='ocrx_word' id='word_1_12' title='bbox 228 949 297 1016; x_wconf 92' lang='lat' dir='ltr'>Imo</span> <span class='ocrx_word' id='word_1_13' title='bbox 320 953 376 1018; x_wconf 76' lang='lat' dir='ltr'>iba.</span> <span class='ocrx_word' id='word_1_14' title='bbox 401 956 485 1021; x_wconf 89' lang='lat' dir='ltr'>Vera</span> <span class='ocrx_word' id='word_1_15' title='bbox 508 959 595 1023; x_wconf 90' lang='lat' dir='ltr'>fides.</span> <span class='ocrx_word' id='word_1_16' title='bbox 620 960 669 1024; x_wconf 80' lang='lat' dir='ltr'>Tu</span> <span class='ocrx_word' id='word_1_17' title='bbox 692 963 821 1028; x_wconf 79' lang='lat' dir='ltr'>lanlum</span> <span class='ocrx_word' id='word_1_18' title='bbox 844 962 970 1023; x_wconf 77' lang='lat' dir='ltr'>evectus</span> <span class='ocrx_word' id='word_1_19' title='bbox 988 957 1023 1020; x_wconf 90' lang='lat' dir='ltr'>in</span> <span class='ocrx_word' id='word_1_20' title='bbox 1043 955 1144 1020; x_wconf 77' lang='lat' dir='ltr'>album</span> <span class='ocrx_word' id='word_1_21' title='bbox 1163 975 1195 1017; x_wconf 96' lang='lat' dir='ltr'>es</span> 
     </span>
     <span class='ocr_line' id='line_1_4' title="bbox 228 1069 1002 1164; baseline 0.008 -30"><span class='ocrx_word' id='word_1_22' title='bbox 228 1069 318 1136; x_wconf 75' lang='lat' dir='ltr'>Sorte</span> <span class='ocrx_word' id='word_1_23' title='bbox 340 1074 402 1138; x_wconf 90' lang='lat' dir='ltr'>levi</span> <span class='ocrx_word' id='word_1_24' title='bbox 424 1080 461 1141; x_wconf 76' lang='lat' dir='ltr'>ut</span> <span class='ocrx_word' id='word_1_25' title='bbox 484 1081 609 1143; x_wconf 77' lang='lat' dir='ltr'>caderes</span> <span class='ocrx_word' id='word_1_26' title='bbox 633 1080 709 1144; x_wconf 88' lang='lat' dir='ltr'>olim</span> <span class='ocrx_word' id='word_1_27' title='bbox 733 1079 878 1164; x_wconf 84' lang='lat' dir='ltr'>graviore</span> <span class='ocrx_word' id='word_1_28' title='bbox 899 1078 1002 1142; x_wconf 86' lang='lat' dir='ltr'>ruina.</span> 
     </span>
    </p>
   </div>
   <div class='ocr_carea' id='block_1_3' title="bbox 212 1188 1188 4396">
    <p class='ocr_par' dir='ltr' id='par_1_3' title="bbox 228 1188 1040 1396">
     <span class='ocr_line' id='line_1_5' title="bbox 228 1188 1040 1275; baseline 0.009 -22"><span class='ocrx_word' id='word_1_29' title='bbox 228 1188 323 1255; x_wconf 80' lang='lat' dir='ltr'>Sacra</span> <span class='ocrx_word' id='word_1_30' title='bbox 344 1194 386 1257; x_wconf 77' lang='lat' dir='ltr'>sit</span> <span class='ocrx_word' id='word_1_31' title='bbox 410 1194 466 1259; x_wconf 87' lang='lat' dir='ltr'>illa</span> <span class='ocrx_word' id='word_1_32' title='bbox 489 1198 571 1275; x_wconf 87' lang='lat' dir='ltr'>dies,</span> <span class='ocrx_word' id='word_1_33' title='bbox 595 1199 753 1263; x_wconf 87' lang='lat' dir='ltr'>humanae</span> <span class='ocrx_word' id='word_1_34' title='bbox 774 1198 904 1262; x_wconf 88' lang='lat' dir='ltr'>inimica</span> <span class='ocrx_word' id='word_1_35' title='bbox 928 1196 1040 1273; x_wconf 73' lang='lat' dir='ltr'>saluti,</span> 
     </span>
     <span class='ocr_line' id='line_1_6' title="bbox 228 1307 945 1396; baseline 0.01 -23"><span class='ocrx_word' id='word_1_36' title='bbox 228 1307 354 1376; x_wconf 84' lang='lat' dir='ltr'>Corsica</span> <span class='ocrx_word' id='word_1_37' title='bbox 376 1335 440 1396; x_wconf 87' lang='lat' dir='ltr'>qua</span> <span class='ocrx_word' id='word_1_38' title='bbox 462 1317 557 1381; x_wconf 89' lang='lat' dir='ltr'>nudis</span> <span class='ocrx_word' id='word_1_39' title='bbox 580 1319 630 1382; x_wconf 90' lang='lat' dir='ltr'>edi</span> <span class='ocrx_word' id='word_1_40' title='bbox 653 1322 686 1383; x_wconf 78' lang='lat' dir='ltr'>le</span> <span class='ocrx_word' id='word_1_41' title='bbox 708 1318 790 1383; x_wconf 78' lang='lat' dir='ltr'>vidil</span> <span class='ocrx_word' id='word_1_42' title='bbox 812 1319 847 1382; x_wconf 93' lang='lat' dir='ltr'>in</span> <span class='ocrx_word' id='word_1_43' title='bbox 872 1318 945 1381; x_wconf 88' lang='lat' dir='ltr'>oris.</span> 
     </span>
    </p>

    <p class='ocr_par' dir='ltr' id='par_1_4' title="bbox 224 1417 1111 2003">
     <span class='ocr_line' id='line_1_7' title="bbox 229 1417 1111 1523; baseline 0.007 -31"><span class='ocrx_word' id='word_1_44' title='bbox 229 1429 319 1495; x_wconf 69' lang='lat' dir='ltr'>rano</span> <span class='ocrx_word' id='word_1_45' title='bbox 342 1433 427 1498; x_wconf 68' lang='lat' dir='ltr'>aaa</span> <span class='ocrx_word' id='word_1_46' title='bbox 450 1437 564 1501; x_wconf 68' lang='lat' dir='ltr'>exisse</span> <span class='ocrx_word' id='word_1_47' title='bbox 585 1438 694 1502; x_wconf 71' lang='lat' dir='ltr'>femus</span> <span class='ocrx_word' id='word_1_48' title='bbox 717 1459 774 1523; x_wconf 71' lang='lat' dir='ltr'>pa</span> <span class='ocrx_word' id='word_1_49' title='bbox 797 1437 907 1501; x_wconf 76' lang='lat' dir='ltr'>nucia</span> <span class='ocrx_word' id='word_1_50' title='bbox 929 1417 1111 1511; x_wconf 64' lang='lat' dir='ltr'>Phoebum,</span> 
     </span>
     <span class='ocr_line' id='line_1_8' title="bbox 225 1549 1072 1640; baseline 0.005 -27"><span class='ocrx_word' id='word_1_51' title='bbox 225 1549 370 1615; x_wconf 72' lang='lat' dir='ltr'>Monstra</span> <span class='ocrx_word' id='word_1_52' title='bbox 392 1554 567 1640; x_wconf 71' lang='lat' dir='ltr'>Thyesteae</span> <span class='ocrx_word' id='word_1_53' title='bbox 589 1559 724 1622; x_wconf 76' lang='lat' dir='ltr'>veritum</span> <span class='ocrx_word' id='word_1_54' title='bbox 745 1557 913 1622; x_wconf 66' lang='lat' dir='ltr'>redeuntia</span> <span class='ocrx_word' id='word_1_55' title='bbox 934 1575 1072 1619; x_wconf 78' lang='lat' dir='ltr'>mensae.</span> 
     </span>
     <span class='ocr_line' id='line_1_9' title="bbox 224 1669 986 1760; baseline 0.008 -26"><span class='ocrx_word' id='word_1_56' title='bbox 224 1669 377 1755; x_wconf 81' lang='lat' dir='ltr'>Lunaque</span> <span class='ocrx_word' id='word_1_57' title='bbox 405 1677 580 1760; x_wconf 81' lang='lat' dir='ltr'>sanguineo</span> <span class='ocrx_word' id='word_1_58' title='bbox 603 1678 694 1742; x_wconf 72' lang='lat' dir='ltr'>fulsit</span> <span class='ocrx_word' id='word_1_59' title='bbox 716 1680 833 1743; x_wconf 88' lang='lat' dir='ltr'>suffusa</span> <span class='ocrx_word' id='word_1_60' title='bbox 855 1678 986 1753; x_wconf 86' lang='lat' dir='ltr'>rubore,</span> 
     </span>
     <span class='ocr_line' id='line_1_10' title="bbox 224 1792 1098 1881; baseline 0.003 -25"><span class='ocrx_word' id='word_1_61' title='bbox 224 1792 448 1881; x_wconf 81' lang='lat' dir='ltr'>Terribilisque</span> <span class='ocrx_word' id='word_1_62' title='bbox 471 1820 631 1864; x_wconf 87' lang='lat' dir='ltr'>armorum</span> <span class='ocrx_word' id='word_1_63' title='bbox 653 1800 781 1864; x_wconf 69' lang='lat' dir='ltr'>auditus</span> <span class='ocrx_word' id='word_1_64' title='bbox 803 1800 839 1862; x_wconf 88' lang='lat' dir='ltr'>in</span> <span class='ocrx_word' id='word_1_65' title='bbox 864 1803 934 1862; x_wconf 74' lang='lat' dir='ltr'>ae&#39;re</span> <span class='ocrx_word' id='word_1_66' title='bbox 958 1797 1098 1880; x_wconf 85' lang='lat' dir='ltr'>clangor.</span> 
     </span>
     <span class='ocr_line' id='line_1_11' title="bbox 224 1912 1001 2003; baseline 0.005 -27"><span class='ocrx_word' id='word_1_67' title='bbox 224 1912 327 1978; x_wconf 90' lang='lat' dir='ltr'>Huius</span> <span class='ocrx_word' id='word_1_68' title='bbox 351 1915 386 1980; x_wconf 93' lang='lat' dir='ltr'>in</span> <span class='ocrx_word' id='word_1_69' title='bbox 409 1921 521 1982; x_wconf 77' lang='lat' dir='ltr'>exorlu</span> <span class='ocrx_word' id='word_1_70' title='bbox 543 1920 666 2003; x_wconf 76' lang='lat' dir='ltr'>gemuit</span> <span class='ocrx_word' id='word_1_71' title='bbox 688 1919 866 1983; x_wconf 81' lang='lat' dir='ltr'>miserabile</span> <span class='ocrx_word' id='word_1_72' title='bbox 889 1917 1001 1994; x_wconf 76' lang='lat' dir='ltr'>bellus,</span> 
     </span>
    </p>

    <p class='ocr_par' dir='ltr' id='par_1_5' title="bbox 222 2032 1188 2600">
     <span class='ocr_line' id='line_1_12' title="bbox 224 2032 1188 2123; baseline -0.002 -27"><span class='ocrx_word' id='word_1_73' title='bbox 224 2032 293 2108; x_wconf 78' lang='lat' dir='ltr'>Qua</span> <span class='ocrx_word' id='word_1_74' title='bbox 316 2039 424 2118; x_wconf 72' lang='lat' dir='ltr'>palei,</span> <span class='ocrx_word' id='word_1_75' title='bbox 447 2037 603 2122; x_wconf 80' lang='lat' dir='ltr'>Europes.</span> <span class='ocrx_word' id='word_1_76' title='bbox 639 2038 744 2123; x_wconf 78' lang='lat' dir='ltr'>Capul</span> <span class='ocrx_word' id='word_1_77' title='bbox 767 2060 892 2123; x_wconf 89' lang='lat' dir='ltr'>quoque</span> <span class='ocrx_word' id='word_1_78' title='bbox 915 2036 1007 2101; x_wconf 91' lang='lat' dir='ltr'>Nilus</span> <span class='ocrx_word' id='word_1_79' title='bbox 1030 2034 1070 2097; x_wconf 87' lang='lat' dir='ltr'>ab</span> <span class='ocrx_word' id='word_1_80' title='bbox 1095 2032 1188 2095; x_wconf 88' lang='lat' dir='ltr'>undis</span> 
     </span>
     <span class='ocr_line' id='line_1_13' title="bbox 224 2139 1089 2242; baseline -0.001 -25"><span class='ocrx_word' id='word_1_81' title='bbox 224 2152 366 2233; x_wconf 68' lang='lat' dir='ltr'>meunt,</span> <span class='ocrx_word' id='word_1_82' title='bbox 391 2139 553 2222; x_wconf 69' lang='lat' dir='ltr'>scamas</span> <span class='ocrx_word' id='word_1_83' title='bbox 569 2163 637 2222; x_wconf 75' lang='lat' dir='ltr'>am</span> <span class='ocrx_word' id='word_1_84' title='bbox 660 2159 729 2222; x_wconf 76' lang='lat' dir='ltr'>cna</span> <span class='ocrx_word' id='word_1_85' title='bbox 752 2161 915 2242; x_wconf 70' lang='lat' dir='ltr'>strepente</span> <span class='ocrx_word' id='word_1_86' title='bbox 937 2153 1089 2219; x_wconf 74' lang='lat' dir='ltr'>amula.</span> 
     </span>
     <span class='ocr_line' id='line_1_14' title="bbox 223 2272 995 2343; baseline 0.001 -6"><span class='ocrx_word' id='word_1_87' title='bbox 223 2272 269 2338; x_wconf 77' lang='lat' dir='ltr'>Ac</span> <span class='ocrx_word' id='word_1_88' title='bbox 292 2279 325 2339; x_wconf 78' lang='lat' dir='ltr'>le</span> <span class='ocrx_word' id='word_1_89' title='bbox 346 2277 467 2342; x_wconf 79' lang='lat' dir='ltr'>infelici</span> <span class='ocrx_word' id='word_1_90' title='bbox 490 2279 620 2343; x_wconf 81' lang='lat' dir='ltr'>vixdum</span> <span class='ocrx_word' id='word_1_91' title='bbox 644 2281 682 2343; x_wconf 90' lang='lat' dir='ltr'>de</span> <span class='ocrx_word' id='word_1_92' title='bbox 705 2281 807 2342; x_wconf 77' lang='lat' dir='ltr'>matre</span> <span class='ocrx_word' id='word_1_93' title='bbox 830 2279 995 2342; x_wconf 79' lang='lat' dir='ltr'>cadenbem</span> 
     </span>
     <span class='ocr_line' id='line_1_15' title="bbox 222 2393 1029 2480; baseline -0.001 -22"><span class='ocrx_word' id='word_1_94' title='bbox 222 2393 359 2459; x_wconf 70' lang='lat' dir='ltr'>Sustulib</span> <span class='ocrx_word' id='word_1_95' title='bbox 376 2399 408 2460; x_wconf 89' lang='grc' dir='ltr'><strong>εὴ</strong></span> <span class='ocrx_word' id='word_1_96' title='bbox 430 2398 568 2463; x_wconf 85' lang='lat' dir='ltr'>colubris</span> <span class='ocrx_word' id='word_1_97' title='bbox 591 2399 702 2463; x_wconf 76' lang='lat' dir='ltr'>mulsit</span> <span class='ocrx_word' id='word_1_98' title='bbox 724 2398 839 2462; x_wconf 79' lang='lat' dir='ltr'>crinita</span> <span class='ocrx_word' id='word_1_99' title='bbox 862 2396 1029 2480; x_wconf 82' lang='lat' dir='ltr'>Megaera3</span> 
     </span>
     <span class='ocr_line' id='line_1_16' title="bbox 223 2513 1006 2600; baseline 0 -20"><span class='ocrx_word' id='word_1_100' title='bbox 223 2513 390 2600; x_wconf 88' lang='lat' dir='ltr'>Uberaque</span> <span class='ocrx_word' id='word_1_101' title='bbox 416 2516 530 2583; x_wconf 74' lang='lat' dir='ltr'>Alecto</span> <span class='ocrx_word' id='word_1_102' title='bbox 553 2520 695 2584; x_wconf 78' lang='lat' dir='ltr'>admovil</span> <span class='ocrx_word' id='word_1_103' title='bbox 717 2519 856 2583; x_wconf 79' lang='lat' dir='ltr'>disbenta</span> <span class='ocrx_word' id='word_1_104' title='bbox 879 2537 1006 2593; x_wconf 85' lang='lat' dir='ltr'>cruore,</span> 
     </span>
    </p>

    <p class='ocr_par' dir='ltr' id='par_1_6' title="bbox 217 2633 1152 3201">
     <span class='ocr_line' id='line_1_17' title="bbox 223 2633 1065 2720; baseline 0 -22"><span class='ocrx_word' id='word_1_105' title='bbox 223 2633 311 2699; x_wconf 88' lang='lat' dir='ltr'>Mille</span> <span class='ocrx_word' id='word_1_106' title='bbox 334 2636 395 2699; x_wconf 85' lang='lat' dir='ltr'>libi</span> <span class='ocrx_word' id='word_1_107' title='bbox 417 2636 578 2720; x_wconf 87' lang='lat' dir='ltr'>inspirans</span> <span class='ocrx_word' id='word_1_108' title='bbox 601 2640 767 2703; x_wconf 69' lang='lat' dir='ltr'>sceleratas</span> <span class='ocrx_word' id='word_1_109' title='bbox 791 2638 899 2702; x_wconf 92' lang='lat' dir='ltr'>sedula</span> <span class='ocrx_word' id='word_1_110' title='bbox 921 2635 1065 2712; x_wconf 81' lang='lat' dir='ltr'>fraudes,</span> 
     </span>
     <span class='ocr_line' id='line_1_18' title="bbox 222 2752 1096 2840; baseline -0.001 -23"><span class='ocrx_word' id='word_1_111' title='bbox 222 2752 310 2818; x_wconf 88' lang='lat' dir='ltr'>Mille</span> <span class='ocrx_word' id='word_1_112' title='bbox 333 2756 468 2820; x_wconf 85' lang='lat' dir='ltr'>nocendi</span> <span class='ocrx_word' id='word_1_113' title='bbox 493 2759 593 2835; x_wconf 77' lang='lat' dir='ltr'>arbes,</span> <span class='ocrx_word' id='word_1_114' title='bbox 618 2758 726 2821; x_wconf 92' lang='lat' dir='ltr'>odium</span> <span class='ocrx_word' id='word_1_115' title='bbox 748 2757 964 2840; x_wconf 82' lang='lat' dir='ltr'>implacabile,</span> <span class='ocrx_word' id='word_1_116' title='bbox 987 2757 1096 2838; x_wconf 69' lang='lat' dir='ltr'>pectus</span> 
     </span>
     <span class='ocr_line' id='line_1_19' title="bbox 220 2871 1026 2960; baseline 0.001 -22"><span class='ocrx_word' id='word_1_117' title='bbox 220 2871 278 2939; x_wconf 80' lang='lat' dir='ltr'>Oui</span> <span class='ocrx_word' id='word_1_118' title='bbox 308 2875 466 2959; x_wconf 87' lang='lat' dir='ltr'>placidam</span> <span class='ocrx_word' id='word_1_119' title='bbox 489 2877 583 2941; x_wconf 91' lang='lat' dir='ltr'>ludus</span> <span class='ocrx_word' id='word_1_120' title='bbox 605 2877 697 2943; x_wconf 89' lang='lat' dir='ltr'>bellis</span> <span class='ocrx_word' id='word_1_121' title='bbox 719 2879 849 2942; x_wconf 74' lang='lat' dir='ltr'>barbare</span> <span class='ocrx_word' id='word_1_122' title='bbox 871 2876 1026 2960; x_wconf 65' lang='lat' dir='ltr'>quietem,</span> 
     </span>
     <span class='ocr_line' id='line_1_20' title="bbox 219 2992 1152 3080; baseline 0 -23"><span class='ocrx_word' id='word_1_123' title='bbox 219 2992 389 3079; x_wconf 83' lang='lat' dir='ltr'>Falsaeque</span> <span class='ocrx_word' id='word_1_124' title='bbox 412 2997 581 3080; x_wconf 80' lang='lat' dir='ltr'>abrep’oum</span> <span class='ocrx_word' id='word_1_125' title='bbox 603 2999 638 3061; x_wconf 93' lang='lat' dir='ltr'>in</span> <span class='ocrx_word' id='word_1_126' title='bbox 661 3000 841 3061; x_wconf 71' lang='lat' dir='ltr'>transversa</span> <span class='ocrx_word' id='word_1_127' title='bbox 863 2995 1011 3080; x_wconf 90' lang='lat' dir='ltr'>cupidine</span> <span class='ocrx_word' id='word_1_128' title='bbox 1033 2994 1152 3070; x_wconf 85' lang='lat' dir='ltr'>laudis,</span> 
     </span>
     <span class='ocr_line' id='line_1_21' title="bbox 217 3112 973 3201; baseline 0.003 -24"><span class='ocrx_word' id='word_1_129' title='bbox 217 3112 331 3178; x_wconf 84' lang='lat' dir='ltr'>Audax</span> <span class='ocrx_word' id='word_1_130' title='bbox 353 3114 390 3178; x_wconf 92' lang='lat' dir='ltr'>in</span> <span class='ocrx_word' id='word_1_131' title='bbox 412 3118 523 3181; x_wconf 90' lang='lat' dir='ltr'>mundi</span> <span class='ocrx_word' id='word_1_132' title='bbox 545 3117 686 3201; x_wconf 87' lang='lat' dir='ltr'>posuisse</span> <span class='ocrx_word' id='word_1_133' title='bbox 708 3120 839 3201; x_wconf 75' lang='lat' dir='ltr'>tropaea</span> <span class='ocrx_word' id='word_1_134' title='bbox 862 3116 973 3180; x_wconf 91' lang='lat' dir='ltr'>ruinis.</span> 
     </span>
    </p>

    <p class='ocr_par' dir='ltr' id='par_1_7' title="bbox 217 3233 979 3320">
     <span class='ocr_line' id='line_1_22' title="bbox 217 3233 979 3320; baseline 0.001 -22"><span class='ocrx_word' id='word_1_135' title='bbox 217 3233 332 3299; x_wconf 83' lang='lat' dir='ltr'>Infelix</span> <span class='ocrx_word' id='word_1_136' title='bbox 354 3235 527 3315; x_wconf 79' lang='lat' dir='ltr'>Ludovice‚</span> <span class='ocrx_word' id='word_1_137' title='bbox 551 3238 686 3302; x_wconf 72' lang='lat' dir='ltr'>furentis</span> <span class='ocrx_word' id='word_1_138' title='bbox 709 3239 838 3303; x_wconf 69' lang='lat' dir='ltr'>victima</span> <span class='ocrx_word' id='word_1_139' title='bbox 860 3236 979 3320; x_wconf 85' lang='lat' dir='ltr'>plebis!</span> 
     </span>
    </p>

    <p class='ocr_par' dir='ltr' id='par_1_8' title="bbox 212 3353 1129 4396">
     <span class='ocr_line' id='line_1_23' title="bbox 218 3353 1118 3442; baseline 0.004 -25"><span class='ocrx_word' id='word_1_140' title='bbox 218 3353 307 3418; x_wconf 82' lang='lat' dir='ltr'>Tune</span> <span class='ocrx_word' id='word_1_141' title='bbox 330 3354 418 3419; x_wconf 84' lang='lat' dir='ltr'>foves</span> <span class='ocrx_word' id='word_1_142' title='bbox 442 3357 537 3420; x_wconf 74' lang='lat' dir='ltr'>eliam</span> <span class='ocrx_word' id='word_1_143' title='bbox 560 3357 643 3422; x_wconf 89' lang='lat' dir='ltr'>hanc</span> <span class='ocrx_word' id='word_1_144' title='bbox 666 3360 787 3442; x_wconf 77' lang='lat' dir='ltr'>peslem</span> <span class='ocrx_word' id='word_1_145' title='bbox 810 3357 983 3441; x_wconf 85' lang='lat' dir='ltr'>puerilibus</span> <span class='ocrx_word' id='word_1_146' title='bbox 1006 3357 1118 3434; x_wconf 86' lang='lat' dir='ltr'>annis,</span> 
     </span>
     <span class='ocr_line' id='line_1_24' title="bbox 216 3472 1013 3561; baseline 0.006 -25"><span class='ocrx_word' id='word_1_147' title='bbox 216 3472 259 3536; x_wconf 87' lang='lat' dir='ltr'>Te</span> <span class='ocrx_word' id='word_1_148' title='bbox 282 3477 396 3539; x_wconf 76' lang='lat' dir='ltr'>oonlra</span> <span class='ocrx_word' id='word_1_149' title='bbox 418 3476 504 3540; x_wconf 84' lang='lat' dir='ltr'>illius</span> <span class='ocrx_word' id='word_1_150' title='bbox 527 3479 644 3540; x_wconf 75' lang='lat' dir='ltr'>sortem</span> <span class='ocrx_word' id='word_1_151' title='bbox 666 3477 832 3541; x_wconf 75' lang='lat' dir='ltr'>miserabus</span> <span class='ocrx_word' id='word_1_152' title='bbox 854 3480 1013 3561; x_wconf 78' lang='lat' dir='ltr'>egenam?</span> 
     </span>
     <span class='ocr_line' id='line_1_25' title="bbox 215 3591 1123 3680; baseline 0.004 -24"><span class='ocrx_word' id='word_1_153' title='bbox 215 3591 312 3668; x_wconf 84' lang='lat' dir='ltr'>Quem</span> <span class='ocrx_word' id='word_1_154' title='bbox 335 3595 443 3659; x_wconf 86' lang='lat' dir='ltr'>foveas</span> <span class='ocrx_word' id='word_1_155' title='bbox 467 3599 611 3674; x_wconf 86' lang='lat' dir='ltr'>demens,</span> <span class='ocrx_word' id='word_1_156' title='bbox 636 3598 754 3673; x_wconf 86' lang='lat' dir='ltr'>nescis,</span> <span class='ocrx_word' id='word_1_157' title='bbox 777 3618 833 3661; x_wconf 85' lang='lat' dir='ltr'>rex</span> <span class='ocrx_word' id='word_1_158' title='bbox 855 3598 992 3680; x_wconf 78' lang='lat' dir='ltr'>oplime‚</span> <span class='ocrx_word' id='word_1_159' title='bbox 1012 3595 1123 3660; x_wconf 87' lang='lat' dir='ltr'>nescis.</span> 
     </span>
     <span class='ocr_line' id='line_1_26' title="bbox 217 3713 1037 3800; baseline 0.002 -23"><span class='ocrx_word' id='word_1_160' title='bbox 217 3713 347 3792; x_wconf 74' lang='lat' dir='ltr'>Perdet,</span> <span class='ocrx_word' id='word_1_161' title='bbox 372 3716 428 3779; x_wconf 84' lang='lat' dir='ltr'>ubi</span> <span class='ocrx_word' id='word_1_162' title='bbox 450 3716 602 3794; x_wconf 76' lang='lat' dir='ltr'>incaluit,</span> <span class='ocrx_word' id='word_1_163' title='bbox 624 3720 657 3780; x_wconf 74' lang='lat' dir='ltr'>le</span> <span class='ocrx_word' id='word_1_164' title='bbox 680 3717 789 3800; x_wconf 80' lang='lat' dir='ltr'>vipera</span> <span class='ocrx_word' id='word_1_165' title='bbox 811 3717 880 3779; x_wconf 87' lang='lat' dir='ltr'>dire</span> <span class='ocrx_word' id='word_1_166' title='bbox 902 3737 1037 3780; x_wconf 87' lang='lat' dir='ltr'>veneno.</span> 
     </span>
     <span class='ocr_line' id='line_1_27' title="bbox 213 3829 1019 3921; baseline 0.002 -24"><span class='ocrx_word' id='word_1_167' title='bbox 213 3831 294 3898; x_wconf 80' lang='lat' dir='ltr'>Ecce</span> <span class='ocrx_word' id='word_1_168' title='bbox 316 3837 390 3898; x_wconf 74' lang='lat' dir='ltr'>tuos</span> <span class='ocrx_word' id='word_1_169' title='bbox 414 3838 542 3913; x_wconf 77' lang='lat' dir='ltr'>contra,</span> <span class='ocrx_word' id='word_1_170' title='bbox 567 3829 628 3900; x_wconf 75' lang='lat' dir='ltr'>bibi</span> <span class='ocrx_word' id='word_1_171' title='bbox 649 3838 707 3921; x_wconf 87' lang='lat' dir='ltr'>qui</span> <span class='ocrx_word' id='word_1_172' title='bbox 730 3858 874 3900; x_wconf 85' lang='lat' dir='ltr'>mansere</span> <span class='ocrx_word' id='word_1_173' title='bbox 895 3836 1019 3912; x_wconf 89' lang='lat' dir='ltr'>fideles,</span> 
     </span>
     <span class='ocr_line' id='line_1_28' title="bbox 213 3950 1129 4040; baseline 0.003 -24"><span class='ocrx_word' id='word_1_174' title='bbox 213 3950 312 4017; x_wconf 84' lang='lat' dir='ltr'>Arma</span> <span class='ocrx_word' id='word_1_175' title='bbox 335 3955 438 4038; x_wconf 76' lang='lat' dir='ltr'>capii,</span> <span class='ocrx_word' id='word_1_176' title='bbox 462 3954 625 4038; x_wconf 86' lang='lat' dir='ltr'>sociasque</span> <span class='ocrx_word' id='word_1_177' title='bbox 647 3956 683 4019; x_wconf 92' lang='lat' dir='ltr'>in</span> <span class='ocrx_word' id='word_1_178' title='bbox 705 3958 817 4020; x_wconf 79' lang='lat' dir='ltr'>mubua</span> <span class='ocrx_word' id='word_1_179' title='bbox 839 3956 965 4020; x_wconf 86' lang='lat' dir='ltr'>foedera</span> <span class='ocrx_word' id='word_1_180' title='bbox 987 3957 1129 4040; x_wconf 76' lang='lat' dir='ltr'>gentes&#39;</span> 
     </span>
     <span class='ocr_line' id='line_1_29' title="bbox 213 4070 1109 4160; baseline 0.007 -25"><span class='ocrx_word' id='word_1_181' title='bbox 213 4070 259 4136; x_wconf 84' lang='lat' dir='ltr'>Ac</span> <span class='ocrx_word' id='word_1_182' title='bbox 289 4075 436 4152; x_wconf 78' lang='lat' dir='ltr'>landem,</span> <span class='ocrx_word' id='word_1_183' title='bbox 467 4097 524 4159; x_wconf 91' lang='lat' dir='ltr'>per</span> <span class='ocrx_word' id='word_1_184' title='bbox 546 4079 673 4140; x_wconf 85' lang='lat' dir='ltr'>eaedem</span> <span class='ocrx_word' id='word_1_185' title='bbox 696 4078 729 4140; x_wconf 89' lang='grc' dir='ltr'><strong>εὴ</strong></span> <span class='ocrx_word' id='word_1_186' title='bbox 750 4076 833 4140; x_wconf 89' lang='lat' dir='ltr'>ferro</span> <span class='ocrx_word' id='word_1_187' title='bbox 857 4077 955 4140; x_wconf 91' lang='lat' dir='ltr'>robur</span> <span class='ocrx_word' id='word_1_188' title='bbox 977 4077 1018 4140; x_wconf 88' lang='lat' dir='ltr'>ab</span> <span class='ocrx_word' id='word_1_189' title='bbox 1040 4076 1109 4160; x_wconf 89' lang='lat' dir='ltr'>ipso</span> 
     </span>
     <span class='ocr_line' id='line_1_30' title="bbox 212 4189 1118 4281; baseline 0.01 -27"><span class='ocrx_word' id='word_1_190' title='bbox 212 4189 397 4276; x_wconf 67' lang='lat' dir='ltr'>decipiens,</span> <span class='ocrx_word' id='word_1_191' title='bbox 421 4195 541 4279; x_wconf 89' lang='lat' dir='ltr'>populo</span> <span class='ocrx_word' id='word_1_192' title='bbox 562 4195 717 4280; x_wconf 77' lang='lat' dir='ltr'>imponil‚</span> <span class='ocrx_word' id='word_1_193' title='bbox 741 4197 812 4281; x_wconf 89' lang='lat' dir='ltr'>quis</span> <span class='ocrx_word' id='word_1_194' title='bbox 836 4198 1000 4262; x_wconf 73' lang='lat' dir='ltr'>erederet?</span> <span class='ocrx_word' id='word_1_195' title='bbox 1024 4221 1118 4263; x_wconf 86' lang='lat' dir='ltr'>ansus</span> 
     </span>
     <span class='ocr_line' id='line_1_31' title="bbox 214 4308 974 4396; baseline 0.007 -20"><span class='ocrx_word' id='word_1_196' title='bbox 214 4308 346 4396; x_wconf 77' lang='lat' dir='ltr'>(lingere</span> <span class='ocrx_word' id='word_1_197' title='bbox 365 4312 516 4380; x_wconf 80' lang='lat' dir='ltr'>Caesareo</span> <span class='ocrx_word' id='word_1_198' title='bbox 535 4337 639 4380; x_wconf 89' lang='lat' dir='ltr'>sacros</span> <span class='ocrx_word' id='word_1_199' title='bbox 662 4316 840 4381; x_wconf 71' lang='lat' dir='ltr'>diedemate</span> <span class='ocrx_word' id='word_1_200' title='bbox 862 4318 974 4383; x_wconf 89' lang='lat' dir='ltr'>crines.</span> 
     </span>
    </p>
   </div>
   <div class='ocr_carea' id='block_1_4' title="bbox 0 0 1686 5296">
    <p class='ocr_par' dir='ltr' id='par_1_9' title="bbox 0 0 1686 5296">
     <span class='ocr_line' id='line_1_32' title="bbox 0 0 1686 5296; baseline 0 6"><span class='ocrx_word' id='word_1_201' title='bbox 0 0 1686 5296; x_wconf 95' lang='lat' dir='ltr'> </span> 
     </span>
    </p>
   </div>
  </div>
 </body>
</html>
