3338 5302
376 509 417 582 dd
454 541 457 544 ·
872 523 982 578 ossum

421 718 565 786 Iucunda
594 717 674 782 mihi
702 715 766 782 fuit
795 716 949 802 cogitatio
981 713 1159 800 gravissimi
1183 712 1406 797 utilissimique
1429 711 1478 778 la-

376 841 479 920 boris,
505 861 600 924 quem
623 837 783 924 Borgerus
805 837 841 902 in
863 839 957 902 tanta
978 836 1063 902 vitae
1085 835 1242 900 brevitate
1264 833 1400 900 feliciter
1421 855 1477 898 ex·

375 962 500 1041 hausit,
529 965 561 1026 et
590 960 683 1027 valde
713 960 815 1025 laetor
837 960 874 1024 in
895 958 957 1024 hoc
980 959 1077 1023 etiam
1098 957 1262 1043 proditum
1285 955 1381 1022 fuisse
1402 955 1478 1021 illu-

374 1086 440 1148 stre
463 1082 658 1167 exemplum,
682 1083 718 1146 in
740 1102 863 1146 summa
885 1057 1063 1146 studiorum
1085 1078 1265 1144 intentione
1283 1082 1315 1143 et
1332 1077 1478 1143 doctrina

374 1204 608 1270 humanitatem
630 1224 722 1288 posse
740 1202 875 1280 servari,
894 1201 960 1266 imo
977 1201 1087 1285 augeri
1105 1199 1367 1284 amplificarique.
1391 1196 1477 1265 Nam

373 1328 458 1409 quod
492 1324 643 1391 nonnulli
676 1326 712 1388 in
757 1323 918 1388 communi
947 1322 1114 1387 hominum
1145 1321 1296 1386 societate
1326 1321 1393 1385 sint
1422 1343 1476 1385 su-

372 1447 463 1531 perbi
493 1449 525 1511 et
551 1468 571 1511 s
593 1446 661 1511 vita
683 1445 878 1530 elegantiore
901 1443 1125 1521 abhorrentes,
1149 1442 1210 1508 hoo
1231 1441 1294 1506 sibi
1317 1463 1336 1505 a
1360 1444 1476 1506 natura

370 1567 522 1647 insitum,
553 1566 678 1633 ratione
708 1566 864 1650 corrigere
894 1565 960 1630 sive
987 1586 1054 1628 non
1076 1566 1251 1649 potuerunt
1274 1563 1340 1629 sire
1363 1563 1476 1628 nolue-

370 1690 458 1752 runt.
505 1685 623 1752 Omnes
654 1689 775 1766 autem,
807 1687 863 1770 qui
885 1685 1062 1770 Borgerum
1085 1683 1267 1749 babuerunt
1290 1684 1474 1769 cognitum,

370 1807 522 1873 viderunt
555 1807 605 1872 his
639 1808 726 1873 vitiis
760 1806 856 1872 fixisse
890 1807 1080 1884 immunem,
1116 1804 1231 1890 quibus
1261 1803 1371 1869 laudes
1402 1827 1476 1870 suas

369 1928 448 1991 adeo
478 1949 545 1992 non
576 1926 725 2005 obtrivit,
756 1930 811 2004 ut,
845 1948 909 2011 quo
938 1925 998 1990 hac
1021 1928 1125 1990 aetate
1147 1947 1241 1990 nemo
1264 1928 1347 1990 esset
1369 1926 1475 1990 erudi-

368 2046 447 2126 tior,
469 2069 562 2114 nemo
587 2047 823 2132 diligentiorem
845 2045 947 2111 literis
970 2049 1103 2111 navaret
1126 2067 1273 2130 operam,
1296 2046 1381 2110 idem
1404 2066 1475 2110 mo·

369 2169 471 2234 destia
492 2172 525 2234 et
546 2169 747 2234 humanitate
768 2167 929 2253 praeclare
950 2167 1096 2233 eluceret.

413 2287 475 2364 Qui
497 2291 626 2354 tantum
645 2289 715 2353 viae
735 2289 874 2374 spatium
890 2288 1085 2370 confecerat,
1106 2289 1226 2375 optime
1244 2287 1474 2374 prospiciebat,

367 2411 525 2494 quantum
553 2412 730 2493 superesset
752 2409 990 2493 perficiendum.
1038 2407 1176 2489 Contra,
1201 2409 1257 2494 qui
1279 2431 1390 2494 passus
1412 2409 1474 2474 ali-

367 2532 446 2614 quot
474 2529 610 2615 iugressi
640 2532 733 2608 sunt,
762 2529 798 2594 hi
828 2530 985 2616 reliquam
1014 2530 1252 2616 longitudinem
1282 2553 1341 2597 nec
1371 2531 1472 2596 oeulis

365 2671 424 2715 nec
454 2649 562 2715 animo
593 2649 699 2714 metiri
728 2653 873 2734 possunt.
921 2649 1074 2717 Solebant
1104 2652 1239 2716 maiores
1269 2651 1373 2718 nostri
1394 2673 1470 2717 sen·

365 2769 501 2836 tentiam
529 2769 590 2835 sibi
616 2770 750 2855 quisque
772 2771 935 2856 propriam
959 2793 1129 2856 usurpare,
1153 2775 1319 2856 tamquam
1341 2772 1469 2856 insigne

363 2890 511 2974 aliquod,
541 2912 605 2976 quo
636 2911 704 2978 non
733 2891 840 2956 minus
863 2913 959 2977 quam
981 2892 1051 2977 ipso
1075 2892 1205 2956 nomine
1228 2893 1467 2977 cognosceban-

362 3014 426 3076 tur.
472 3011 524 3076 Ita
554 3011 633 3077 duas
663 3011 802 3097 reperio,
835 3011 938 3097 specie
969 3012 1214 3092 diversissimas,
1237 3012 1339 3079 Marci
1361 3013 1467 3078 Zuerii

361 3131 538 3206 Boxhornii
566 3131 752 3208 »Quantum
783 3135 832 3197 est
862 3134 948 3216 quod
971 3132 1128 3198 scimus!”
1175 3131 1320 3198 Danielis
1342 3132 1470 3199 Heinsii

361 3251 548 3328 »Quantum
578 3255 627 3317 est
656 3254 742 3336 quod
772 3253 967 3318 nescimus!”
1013 3251 1082 3317 Has
1112 3253 1305 3333 sententias,
1328 3254 1385 3338 qui
1408 3254 1469 3319 sibi

360 3372 619 3451 vindicaverant,
647 3373 732 3437 reete
753 3372 1057 3456 interpretabantur.
1104 3372 1139 3440 si
1161 3374 1333 3453 intuearis,
1358 3374 1467 3459 quales

360 3492 461 3556 videri
490 3492 629 3577 possint,
658 3491 773 3558 dixeris
802 3491 892 3557 illam
922 3513 989 3558 esse
1019 3493 1179 3559 temerarii
1208 3495 1350 3575 iuvenis,
1381 3494 1465 3561 hanc

359 3614 526 3698 prudentis
549 3613 643 3679 senis.

405 3735 498 3801 Vidit
530 3733 591 3800 hoc
624 3733 881 3819 Theophrastus,
917 3735 973 3818 qui
1006 3735 1043 3800 in
1077 3758 1201 3803 summa
1235 3741 1398 3805 senectute
1432 3761 1466 3806 se

359 3857 441 3920 mori
462 3856 670 3940 querebatur,
694 3877 794 3940 quum
816 3855 995 3940 intelligere
1017 3857 1187 3942 coepisset,
1208 3880 1290 3943 quae
1306 3864 1465 3927 restarent

359 3976 519 4041 discenda.
565 3976 658 4042 Vidit
686 3975 748 4040 hoc
776 3973 907 4042 Crassus
934 3975 990 4040 isse
1021 3979 1164 4058 nostras,
1196 3999 1309 4062 quem,
1343 3981 1382 4044 de
1404 3981 1466 4046 hoc

356 4096 427 4182 ipso
461 4099 651 4181 argumento
684 4094 870 4162 habiturum
904 4096 1099 4177 orationem,
1134 4106 1219 4164 mors
1248 4101 1359 4185 paucis
1390 4104 1465 4167 ante

357 4217 468 4285 diebus
496 4217 674 4313 occuparit.
720 4215 813 4283 Vidit
842 4218 904 4284 hoc
931 4216 1109 4303 Borgerus,
1143 4220 1293 4286 viderunt
1315 4221 1370 4287 alii
1394 4244 1464 4288 om·

356 4359 430 4420 nes,
464 4339 521 4425 qui
547 4337 635 4404 docti
664 4359 732 4404 esse
762 4360 859 4424 quam
889 4338 991 4405 rideri
1019 4337 1194 4407 malebant.
1239 4341 1352 4429 Neque
1383 4347 1462 4410 adeo

355 4457 424 4524 sine
446 4479 542 4528 causa
562 4459 683 4526 dictum
706 4461 769 4526 est:
793 4458 863 4536 Quo
886 4459 958 4546 quis
976 4459 1152 4544 indoctior,
1173 4484 1210 4529 eo
1228 4463 1463 4549 impudentior!
