3362 5300
533 586 728 657 unsaramma
748 589 947 656 adducamus.
1255 571 1296 650 85

188 797 277 862 illam
304 818 461 883 pagorum
492 801 525 863 et
555 798 698 877 urbium,
730 818 789 882 per
815 817 894 881 quas
921 791 1179 870 revertebamini,
1203 789 1294 858 laeti-

189 919 295 984 tiam?
341 917 427 995 Quae
461 940 517 985 vos
552 922 643 984 tanto
678 941 750 985 oum
784 918 889 983 studio
924 921 957 982 et
991 915 1099 998 favore
1128 914 1235 979 vultus
1266 915 1299 976 et

191 1039 278 1105 vocis
308 1039 349 1104 ad
376 1039 495 1105 bellum
519 1040 668 1106 viderant
690 1039 944 1125 proficiscentes,
968 1037 1091 1102 incerto
1115 1036 1211 1100 etiam
1234 1033 1299 1097 vir-

192 1160 272 1227 tutis
303 1161 461 1246 periculo,
493 1161 571 1247 quid
601 1161 659 1227 has
691 1161 794 1226 facere
825 1159 1012 1247 oportebat,
1045 1180 1143 1243 quum
1175 1157 1300 1222 eosdem

191 1282 494 1366 contemplabantur
524 1282 648 1347 ebello
680 1282 827 1360 reduces,
859 1279 1049 1346 fortitudine
1080 1281 1147 1342 tam
1174 1277 1301 1362 egregie

191 1403 352 1488 probata?
398 1401 514 1468 Merito
545 1403 666 1468 reditus
696 1403 757 1468 iste
787 1401 877 1487 quasi
908 1423 991 1466 unus
1017 1399 1081 1464 fuit
1102 1399 1302 1483 triumphus,
1431 1457 1433 1463 ,

193 1528 227 1590 et
256 1524 384 1608 ingenti
414 1546 532 1610 pompa
562 1525 597 1588 in
629 1547 794 1590 occursum
826 1524 965 1588 ruebant
987 1522 1110 1588 incolae
1131 1520 1302 1598 Dordraci,

193 1644 419 1724 Roterodami,
455 1644 671 1731 Delphorum,
702 1648 736 1710 ct
767 1646 940 1710 adventum
971 1646 1112 1709 vestrum
1141 1642 1306 1707 habebant

192 1767 279 1831 diem
298 1765 432 1831 festum:
457 1766 520 1832 vici
543 1770 577 1831 et
598 1766 694 1833 villae
720 1767 782 1832 iter
804 1767 1030 1844 retardabant,
1054 1766 1178 1832 eunctis
1201 1767 1305 1831 certa·

194 1887 255 1950 tim
288 1886 419 1953 iuvenes
454 1888 656 1967 tenentibus,
693 1910 773 1973 quos
809 1889 913 1954 avitae
948 1887 1069 1972 gloriae
1099 1886 1308 1972 appellabant

196 2006 349 2072 vindices.
396 2006 497 2074 Vobis
532 2008 586 2073 isti
620 2008 713 2073 flores
748 2013 781 2073 et
810 2011 912 2087 serta,
944 2008 1035 2073 vobis
1066 2007 1183 2073 vexilla
1214 2010 1307 2072 erant

196 2149 368 2215 suspensa,
402 2131 493 2195 vobis
523 2131 685 2195 sonabant
714 2131 826 2196 musici
860 2133 1050 2227 concentus,
1084 2129 1174 2194 vobis
1208 2119 1306 2193 fausti

197 2249 352 2316 clamores
375 2256 408 2316 et
430 2252 602 2338 applausus
626 2252 810 2317 edebantur.

244 2371 363 2447 Quodsi
395 2372 474 2438 aliae
496 2373 590 2439 nrbes
613 2375 751 2441 vestram
773 2373 899 2439 laudem
922 2376 1090 2460 tantopere
1113 2374 1153 2439 ad
1177 2396 1209 2439 se
1232 2392 1305 2459 per·

197 2493 301 2558 tinere
333 2493 590 2586 arbitrabantur,
622 2516 718 2580 qnam
745 2497 885 2559 mentem
908 2495 1004 2560 fuisse
1026 2495 1147 2580 putatis
1170 2495 1304 2560 Leiden-

198 2614 305 2693 sibus,
340 2636 439 2699 quum
474 2615 568 2693 tubas
602 2617 722 2680 vestras
757 2616 978 2695 audiebamus,
1011 2619 1044 2680 et
1072 2619 1150 2682 nota
1180 2616 1306 2680 moenia

197 2735 485 2820 ingrediebamini?
531 2735 648 2802 Sensus
680 2736 859 2802 animorum
885 2739 1067 2802 nostrorum
1089 2737 1198 2802 multis
1219 2738 1305 2802 indi·
1371 2801 1373 2808 ,

199 2857 256 2922 ciis
291 2855 450 2922 declarare
485 2858 593 2923 conati
628 2879 751 2936 sumus,
787 2879 897 2923 omncs
929 2879 996 2923 non
1025 2859 1197 2944 potuimus.
1244 2858 1306 2925 Sed

200 2978 378 3043 communis
409 2978 549 3043 laetitiae
583 2979 706 3044 nullum
737 2979 852 3044 certius
883 2979 1032 3065 apparuit
1061 2980 1304 3060 documentum,

200 3121 296 3184 quam
315 3101 402 3184 quod
420 3121 515 3164 nemo
534 3099 599 3164 fcre
615 3103 683 3166 tam
702 3121 822 3184 pauper
840 3103 984 3185 repertus
1003 3101 1058 3179 sit,
1077 3101 1155 3185 quin
1167 3101 1305 3186 vesperi,

201 3222 330 3304 quando
369 3220 541 3286 clarissima
581 3221 704 3285 lumina
741 3242 798 3305 per
834 3222 936 3286 totam
974 3222 1085 3286 urbem
1119 3221 1306 3308 fulgebant,

200 3340 252 3405 vel
275 3340 442 3426 parvulam
466 3340 666 3426 lampadem,
692 3341 869 3406 voluntatis
892 3344 1022 3422 testem,
1047 3344 1232 3409 ostenderit.

247 3460 356 3546 Atque
379 3462 504 3526 utinam
527 3483 564 3526 ea
587 3462 709 3527 laetitia
728 3464 794 3526 tam
814 3485 881 3528 esse
898 3464 1056 3548 potuisset
1072 3465 1216 3549 integra,
1237 3467 1310 3531 nul·

204 3582 265 3647 lius
297 3587 334 3648 ut
364 3584 500 3647 mortem
533 3582 725 3648 doleremus!
773 3583 836 3650 Sed
866 3587 970 3648 atrum
1002 3585 1107 3650 luctus
1130 3589 1162 3649 et
1184 3586 1312 3670 pietatis

206 3703 350 3788 signum,
386 3701 474 3787 quod
506 3701 542 3766 in
575 3703 693 3767 dextris
725 3703 862 3769 brachiis
893 3704 1084 3789 gestabatis,
1115 3705 1179 3768 iam
1204 3706 1313 3770 statim

206 3844 266 3888 nos
288 3823 498 3888 Becckmouni
529 3821 739 3902 admonebat,
762 3824 872 3925 illius,
891 3824 965 3909 qui,
990 3824 1117 3890 fortiter
1138 3826 1314 3911 pugnando

207 3946 292 4045 apud
314 3941 513 4028 Behringam
543 3942 673 4024 eccidit,
706 3945 739 4009 et
769 3945 887 4010 multas
909 3946 1083 4011 multorum
1105 3946 1261 4032 lacrymas
1284 3952 1317 4012 et
1390 3947 1392 3951 ’

208 4064 412 4142 desiderium,
444 4066 520 4128 ante
552 4085 661 4129 omnes
691 4065 868 4131 oarmmmae
891 4067 1019 4145 matris,
1044 4089 1150 4132 secum
1174 4067 1315 4133 abstulit.

210 4184 343 4251 Annum
367 4186 480 4251 aetatis
503 4186 685 4271 attingebat
707 4187 996 4272 undevigesimum,
1018 4192 1052 4254 et
1074 4187 1239 4267 omnibns,
1262 4188 1317 4273 qui

211 4326 281 4370 eum
315 4305 498 4371 habuerunt
532 4307 721 4392 cognitum,
757 4310 888 4393 propter
920 4307 1160 4374 honestissimos
1195 4331 1317 4387 mores,

213 4447 299 4491 come
329 4427 515 4512 ingenium,
546 4432 579 4494 et
606 4428 755 4496 eximiam
779 4429 998 4514 diligentiam,
1023 4430 1226 4510 vehementer
1252 4432 1321 4496 erat

216 4567 313 4616 cerus.
