3338 5302
362 537 383 606 t
860 561 968 608 anano

408 739 458 806 Ac
492 739 604 806 Graeci
638 743 784 828 quidem,
816 743 872 829 qui
902 743 1102 810 humanitate
1133 746 1165 810 et
1188 745 1334 810 doctrina
1355 767 1465 812 omnes

363 861 440 927 olim
471 862 607 947 populos
635 864 859 948 praestabant,
884 864 1030 950 quamvis
1053 865 1202 931 libertate
1225 866 1340 930 amissa
1362 866 1464 951 pluri·

363 1005 452 1048 mum
482 982 578 1048 etiam
601 983 754 1076 pristinae
775 984 862 1050 illius
886 988 919 1049 et
940 1007 1032 1052 verae
1056 985 1244 1051 eruditionis
1266 986 1462 1065 amisissent,

363 1105 425 1172 hoc
454 1109 564 1172 tamen
589 1105 749 1172 scribendi
779 1127 899 1191 genus,
930 1128 1049 1172 novum
1080 1108 1159 1172 tunc
1181 1106 1335 1192 temporis
1356 1109 1390 1172 εὴ
1411 1106 1462 1171 in-

363 1228 536 1307 usitatum,
561 1217 783 1313 arripuerunt,
809 1230 843 1292 et
863 1227 1000 1306 maiore,
1024 1248 1121 1311 quam
1144 1227 1217 1305 alii,
1241 1227 1347 1294 studio
1370 1249 1463 1294 cxco-

362 1348 500 1414 luerunt.
547 1347 597 1413 Ex
624 1347 685 1413 hoc
716 1369 848 1414 numero
870 1347 958 1413 fuere
981 1368 1055 1412 cum
1078 1346 1209 1432 plurimi
1231 1347 1308 1426 alii,
1328 1370 1462 1434 quorum

360 1468 485 1534 labores
518 1471 699 1553 temporum
730 1468 848 1534 iniuria
877 1467 1058 1552 perierunt,
1089 1471 1176 1545 tum,
1208 1469 1263 1552 qui
1286 1469 1462 1536 etiamnum

360 1593 504 1668 exstant,
536 1589 745 1667 Heliodorus,
776 1588 919 1654 Achilles
950 1588 1079 1665 Tatius,
1112 1588 1257 1674 Longus,
1289 1591 1322 1654 et
1352 1589 1460 1656 Xeno-

358 1710 448 1795 phon
476 1708 649 1794 Ephesius:
681 1711 746 1776 suis
769 1710 887 1796 quique
909 1709 1030 1774 meritis
1053 1710 1218 1794 spectandi
1241 1710 1289 1774 illi
1313 1710 1459 1796 quidem,

359 1835 469 1897 tamen
510 1831 692 1917 Xenophon
733 1830 891 1915 Ephesius
924 1829 1022 1895 habet
1055 1829 1246 1896 brevitatem
1280 1834 1459 1917 quandam,

358 1952 549 2018 suavitatem
579 1955 613 2017 ct
643 1951 854 2037 elegantiam,
887 1950 1003 2036 quibus
1034 1971 1067 2015 se
1089 1950 1157 2034 ipse
1180 1972 1256 2035 prae
1279 1951 1349 2017 aliis
1372 1974 1459 2019 com·

355 2077 506 2139 mendara
528 2072 608 2138 mihi
630 2072 766 2138 videtur.

402 2193 523 2272 Quare,
552 2216 651 2279 quum
681 2193 854 2259 hodiernus
876 2191 943 2257 dies
967 2191 1093 2257 dicendi
1116 2193 1224 2276 partes
1247 2189 1326 2256 mihi
1348 2192 1458 2258 iniun-

356 2315 456 2393 xerit,
488 2316 528 2378 de
554 2314 616 2380 hoc
638 2315 790 2400 scriptore
813 2313 970 2379 nonnulla
993 2313 1028 2377 in
1052 2311 1193 2377 medium
1215 2312 1374 2398 proferre,
1399 2337 1458 2382 nco

356 2460 376 2502 a
405 2436 546 2501 muneris
576 2435 639 2500 mei
669 2436 811 2512 ratione,
836 2455 895 2498 nec
917 2454 937 2498 a
960 2455 1053 2499 sensu
1076 2434 1182 2498 vestro
1206 2433 1346 2499 alianum
1370 2435 1455 2500 duxi.
1581 2453 1584 2460 ’

356 2557 423 2622 Vos
446 2557 592 2642 quidem,
615 2554 801 2633 Auditores,
825 2554 904 2620 haec
921 2554 968 2619 ita
986 2553 1150 2638 accipiatis
1169 2575 1284 2638 quaeso
1296 2577 1455 2641 rogoque,

356 2681 394 2743 ut
427 2700 464 2742 ea
498 2698 564 2742 non
594 2679 663 2741 tam
691 2697 798 2740 rerum
829 2674 988 2760 gravitate
1019 2677 1051 2739 εὴ
1081 2674 1240 2752 novitate,
1265 2698 1361 2760 quam
1384 2699 1457 2742 meo

358 2798 493 2866 Graecas
515 2798 623 2863 literas
646 2785 777 2862 iuvandi
799 2796 905 2861 studio
928 2796 1115 2861 metiamini.

401 2918 648 3003 Xenophontem
682 2916 783 3002 igitur
816 2915 992 3000 Ephesium
1024 2916 1154 3000 plurimi
1189 2917 1384 2983 eruditorum
1415 2923 1455 2984 ad

356 3041 517 3106 saeculum
551 3062 570 3104 a
605 3037 640 3104 Ο.
671 3037 713 3104 N.
745 3039 918 3104 secundum
942 3039 999 3102 aut
1020 3037 1152 3102 tertium
1175 3035 1335 3116 referunt,
1359 3059 1455 3125 argu·

356 3163 472 3227 mentis
498 3161 700 3246 potissimum
727 3159 767 3224 iis
797 3159 882 3236 nixi,
914 3180 995 3243 quae
1025 3157 1183 3242 exipsius
1206 3157 1281 3223 stilo
1306 3162 1338 3223 εὴ
1361 3161 1455 3225 rebus

354 3305 432 3368 quas
461 3284 588 3359 narrat,
612 3284 781 3346 duxerunt.
828 3279 1039 3357 Histamen,
1063 3280 1160 3343 ntea
1183 3300 1242 3343 nec
1266 3282 1397 3346 omnino
1420 3282 1456 3345 in

354 3403 487 3468 dubium
518 3406 677 3480 vocanda,
709 3403 754 3466 sic
779 3421 883 3484 neque
905 3399 1002 3463 fidem
1024 3397 1205 3464 habendam
1229 3421 1350 3465 censeo.
1398 3400 1455 3466 Di·

354 3524 446 3589 cendi
475 3544 593 3608 genus,
625 3521 714 3586 ducit
743 3520 872 3604 quidem
899 3516 980 3581 illud
1003 3515 1141 3582 colorem
1165 3518 1206 3583 ab
1230 3541 1266 3583 eo
1289 3522 1449 3606 tempore,

353 3667 434 3731 quo,
470 3645 525 3730 qui
558 3643 620 3708 hoc
649 3663 724 3706 usus
755 3640 819 3716 cst,
852 3636 951 3713 vixit3
982 3636 1053 3721 quis
1085 3658 1160 3703 vero
1181 3639 1311 3724 ignorat
1333 3644 1455 3727 quanta

352 3768 394 3833 sit
418 3766 465 3830 vis
489 3763 588 3829 studii
611 3765 644 3827 et
665 3758 855 3825 imitationis
877 3757 913 3820 in
937 3778 973 3820 eo
996 3759 1168 3838 mutando,
1188 3761 1355 3845 praecipue
1375 3761 1402 3826 si
1421 3762 1455 3825 id

351 3888 457 3974 ipsum
481 3884 605 3970 egerint
627 3883 790 3956 auctores,
816 3879 853 3942 ut
876 3876 1035 3942 laterent?

397 4005 489 4084 Quod
508 4004 638 4091 quidem
656 3997 903 4084 Xenophontem
924 3996 1034 4064 fecisse
1053 4020 1177 4085 semper
1188 4001 1361 4068 arbitratus
1371 4023 1452 4068 sum.

350 4181 521 4196 w

387 4279 455 4335 Quod
469 4311 574 4327 .....
592 4270 767 4336 Xenophonteo
777 4269 869 4336 secisse
884 4283 972 4333 sempor
986 4269 1120 4320 arbitratae
1135 4273 1205 4330 mna)
1223 4271 1330 4334 Scilicet,
1349 4276 1454 4325 mannito

350 4357 514 4424 Xenophontis
539 4353 647 4412 nomina,
671 4366 740 4402 sunm
761 4351 835 4417 ipsius
857 4365 942 4400 nomen
965 4350 1126 4415 suppressisse.
1162 4353 1229 4418 Quae
1250 4353 1295 4403 hac
1320 4355 1349 4404 de
1376 4371 1403 4405 η
1428 4356 1452 4405 in

350 4443 430 4491 annot.
448 4437 518 4487 adh.
537 4437 554 4486 l.
572 4433 702 4500 disputavit
717 4431 908 4496 inrumpis,
927 4431 1039 4497 pleraque
1061 4433 1158 4498 repetiit
1174 4434 1200 4485 in
1217 4436 1322 4487 Praeiat.
1337 4437 1453 4503 edllphe.

350 4522 468 4571 siacornm
484 4517 557 4568 libros
574 4533 594 4567 a.
615 4516 679 4565 1818
697 4513 808 4564 Harlcmi
827 4528 841 4561 a
858 4528 882 4561 rc
898 4513 989 4573 adime,
1007 4529 1060 4579 pag.
1077 4515 1168 4568 LXIV.
