3362 5300
651 569 840 614 sacremus.
1239 553 1301 616 109

172 767 307 838 ‚genero
346 752 468 831 traxit,
510 752 704 836 elegantiam
748 752 819 818 dico
853 752 942 817 illam
978 754 1011 815 et
1045 753 1229 832 levitatem,
1263 755 1299 819 in

183 873 330 950 Franco,
366 874 442 957 quia
476 874 605 938 nativae
639 876 733 952 sunt,
767 873 874 938 minus
903 874 1088 952 indecoras,
1118 874 1298 954 Hollando,

183 993 245 1077 qui
278 993 424 1071 affectat,
460 993 666 1072 deridiculos,
697 995 758 1059 hoc
789 995 825 1059 in
856 994 1016 1073 Henrieo,
1047 997 1112 1060 iam
1141 997 1298 1080 sanguine

183 1117 322 1198 paterno
352 1116 584 1199 temperatum,
613 1119 737 1181 mature
760 1116 801 1180 ad
825 1115 956 1200 dignam
979 1116 1133 1181 Nassario
1157 1117 1297 1202 gravita-

182 1237 253 1298 tem
275 1236 535 1320 componebatur.
582 1234 686 1300 Mater
708 1234 837 1314 infelix,
869 1237 1005 1320 coniuge
1027 1236 1144 1300 iterum
1167 1239 1296 1317 orbata,

181 1355 223 1418 in
244 1354 414 1420 Franciam
437 1356 540 1420 redire
563 1356 732 1434 voluisset,
757 1356 811 1420 sed
835 1357 903 1420 sine
925 1355 992 1420 filio
1017 1357 1123 1422 vivere
1147 1379 1214 1422 non
1237 1381 1296 1443 po·

181 1479 279 1544 terat.
326 1477 440 1560 Itaque
472 1499 527 1540 rex
559 1477 717 1542 Hernicus
739 1477 789 1543 IV
812 1477 964 1542 Mauritio
989 1478 1128 1562 lepidas,
1153 1482 1190 1543 ut
1213 1479 1295 1545 sole-

170 1595 260 1674 ¹bat,
282 1597 409 1681 scripsit
427 1598 554 1663 literas:
575 1599 722 1663 venirent
743 1596 893 1682 Oolignia
912 1601 945 1662 et
963 1597 1122 1663 Henrieus
1141 1600 1176 1663 in
1192 1598 1294 1665 Fran·

182 1719 284 1796 ciam,
308 1719 493 1784 habitarent
515 1719 711 1798 Arausione,
735 1741 768 1785 se
790 1719 951 1784 facturum
976 1723 1013 1784 ut
1036 1719 1205 1785 Mauritius
1228 1721 1293 1786 fra-

183 1842 274 1903 trem
301 1841 428 1925 egregie
463 1843 633 1906 educatum
665 1844 740 1907 ante
772 1863 894 1905 annum
925 1841 1039 1906 aetatis
1070 1841 1293 1906 duodecimum

183 1959 348 2043 reciperet.
395 1960 584 2038 Mauritius,
609 1962 664 2045 qui
688 1962 827 2027 consiliis
851 1964 883 2027 et
907 1962 1097 2027 auctoritate
1118 1962 1211 2026 fratri
1234 1986 1292 2047 pro

187 2083 278 2162 patre
308 2083 393 2159 erat,
427 2102 562 2167 eumque
591 2081 748 2160 habebat,
781 2085 819 2146 ut
846 2083 873 2147 si
903 2085 984 2147 esset
1016 2083 1116 2161 filius,
1140 2083 1232 2148 aliter
1255 2106 1292 2148 ea

184 2203 223 2264 de
245 2223 280 2264 re
304 2201 420 2278 sensit,
445 2205 477 2266 ct
499 2201 658 2268 Henricus
677 2203 852 2287 peniculum
873 2203 990 2282 evasit,
1010 2226 1070 2283 ne,
1090 2205 1202 2270 alienis
1221 2226 1290 2268 mo·

183 2322 272 2387 ribus
308 2323 487 2401 delenitus,
528 2324 634 2389 minus
669 2325 842 2408 aliquando
878 2347 897 2389 a
931 2325 1160 2410 popularibus,
1196 2348 1292 2409 quam

183 2444 301 2529 dignus
321 2447 420 2522 esset,
444 2448 614 2510 amaretur.
638 2445 724 2512 Nam
747 2446 881 2511 maiores
905 2446 1006 2511 nostri
1028 2446 1192 2530 Principes
1215 2449 1290 2511 ode-

182 2568 273 2643 rant,
299 2587 378 2650 quos
401 2564 556 2631 Hellandi
579 2567 719 2632 nominis
742 2571 839 2652 atque
862 2567 961 2632 animi
985 2568 1132 2652 puderet,
1158 2571 1190 2633 et
1211 2568 1289 2634 Gui-

183 2686 309 2750 lielmus
331 2685 366 2750 Π
388 2686 563 2752 infamatus
585 2689 650 2765 est,
675 2689 760 2772 quod
785 2689 956 2773 aliquando
981 2689 1124 2754 assiduus
1148 2691 1217 2754 erat
1235 2690 1287 2753 in·

182 2808 232 2870 ter
255 2807 438 2871 adulatores
460 2779 677 2892 aleatoresque
700 2807 851 2874 Francos

225 2927 384 2992 Henricus
414 2928 515 3013 igitur
537 2931 689 2994 educatus
714 2932 762 2994 est
784 2931 819 2994 in
842 2929 1035 3008 Hellandia‚
1061 2928 1288 3016 Ooligniaeque

182 3053 214 3114 et
243 3048 474 3133 Utenbogardo
498 3051 632 3115 accessit
650 3052 782 3128 tertius,
805 3052 938 3135 ingens,
963 3054 1059 3135 puto,
1085 3052 1125 3116 ad
1148 3054 1287 3116 mentem

182 3170 271 3254 pueri
303 3172 388 3234 recte
410 3169 629 3250 formandam,
654 3173 863 3236 momentum.
910 3171 1038 3237 Scilicet
1061 3171 1175 3237 Leidae
1198 3173 1286 3237 vive-

181 3291 238 3356 bat
249 3291 442 3357 'adolescens
461 3293 578 3377 viginti
599 3293 697 3356 trium
716 3313 892 3370 annorum,
914 3296 969 3358 sed
988 3294 1153 3358 doctrinae
1168 3294 1285 3371 virilis,

181 3412 340 3497 probitate
370 3414 403 3477 et
432 3413 587 3478 modestia
610 3414 688 3478 adeo
711 3414 856 3491 elucere,
880 3415 919 3477 ut
942 3415 1080 3493 nescias,
1105 3418 1214 3480 utrum
1237 3415 1287 3479 sui

182 3555 253 3599 cum
276 3534 423 3618 aequales
447 3533 642 3618 suspicerent
665 3533 767 3618 magis
790 3555 833 3598 an
857 3538 1018 3611 amarent,
1043 3536 1138 3598 natus
1155 3535 1286 3619 insuper

181 3657 360 3738 patratam
384 3653 508 3718 erudito
532 3655 565 3717 et
587 3675 693 3718 rerum
717 3654 892 3738 prudente,
917 3676 1013 3738 quam
1036 3653 1113 3719 forti
1136 3657 1168 3719 ct
1186 3675 1285 3738 gene-

182 3797 260 3840 roso.
297 3775 376 3853 Hic,
400 3775 498 3842 Ianus
522 3773 631 3839 Dousa
654 3775 776 3852 minor,
801 3775 848 3839 ita
871 3777 1049 3859 spectatus,
1070 3775 1182 3840 studiis
1202 3775 1287 3842 Nas-

182 3897 259 3961 avn
286 3896 478 3980 praeficitur.
526 3894 670 3978 erana
692 3894 875 3973 brennam,
900 3895 1019 3979 agens
1041 3894 1154 3980 flagae
1180 3895 1287 3962 comr-

183 4020 249 4082 tum
272 4017 307 4080 in
332 4017 425 4081 domo
449 4014 632 4100 Goligniae,
657 4037 748 4080 carus
773 4017 937 4094 omnibuS,
962 4020 1038 4081 ante
1063 4039 1172 4082 omnes
1192 4020 1288 4084 matri

183 4141 213 4202 et
246 4138 324 4201 filio.
372 4134 455 4212 Quid
490 4136 634 4201 amabilis
665 4158 745 4222 puer
777 4137 817 4200 ab
845 4137 1043 4202 adolescente
1067 4141 1134 4202 tam
1158 4140 1288 4204 amabili

184 4257 345 4334 didicerit,
377 4258 513 4322 relatum
544 4279 611 4322 non
642 4257 723 4342 legi:
748 4258 893 4343 equidem
917 4258 1046 4337 lubens,
1072 4261 1099 4324 si
1120 4261 1190 4324 fieri
1213 4283 1288 4346 pos·

185 4380 251 4455 set,
294 4378 365 4442 aliis
407 4379 614 4455 redimerem,
656 4401 737 4462 quae
770 4379 940 4444 memoriae
972 4381 1099 4464 prodita
1135 4381 1286 4447 videmus.

185 4498 297 4565 Franci
331 4499 487 4563 mirentur
519 4498 697 4565 Henricum
724 4500 813 4565 verbi
844 4521 955 4580 causa,
988 4523 1086 4586 quum
1116 4502 1290 4588 aliquando
