3338 5302
399 523 439 588 ll
688 547 797 594 omno
817 547 856 592 on
875 547 1069 596 xENOPHom
1090 545 1222 596 EPHESIO.

444 725 533 792 Haec
555 728 670 808 hebui,
689 727 878 809 Auditum,
900 751 981 816 quae
1000 735 1039 796 de
1059 732 1273 818 Xenophonte
1293 733 1433 819 Ephesio
1445 746 1503 822 po-

400 847 557 914 tissimum
580 850 734 928 dicerem3
758 852 856 938 digno
880 856 965 918 certe
984 853 1039 938 qui
1060 853 1212 918 honestes
1224 856 1418 921 remissionis
1434 857 1504 923 loco

402 969 543 1054 legatur,
566 970 662 1056 idque
684 975 722 1036 ut
744 952 869 1038 fecilius
891 973 966 1051 fiat,
990 977 1095 1038 denuo
1118 976 1240 1039 edetur.

446 1091 516 1158 Hoc
546 1093 630 1158 cives
657 1093 734 1160 olim
766 1094 884 1172 nostri,
916 1095 1047 1179 ingenie
1071 1098 1104 1159 et
1127 1095 1272 1160 doctrina
1295 1097 1502 1176 excellentes,

402 1215 488 1282 luere
511 1214 669 1282 delectati.
700 1219 767 1280 Hoc
791 1215 964 1280 stamnum
988 1216 1141 1300 plurimos
1164 1217 1314 1282 delectari
1337 1217 1412 1283 scio.
1444 1219 1504 1295 Qui

402 1337 427 1402 si
459 1359 533 1414 sua,
559 1336 674 1422 quibus
698 1335 945 1422 Xenophontem
969 1337 1180 1402 emendarunt
1202 1340 1259 1401 aut
1280 1337 1502 1420 illustrarunt,

403 1477 525 1524 mecum
548 1457 783 1524 communicare
801 1456 938 1536 vellent,
958 1460 1116 1542 quantum
1134 1456 1183 1521 illi
1201 1458 1310 1523 lumen
1321 1460 1501 1539 accederet,

402 1581 542 1664 quantus
566 1577 646 1643 mihi
669 1576 794 1644 animus
816 1581 849 1644 et
872 1578 988 1644 fiducie
1012 1579 1052 1644 ad
1075 1599 1129 1658 es,
1153 1600 1234 1663 quae
1256 1579 1503 1660 habeoaffecta,

403 1697 603 1784 perficienda.

449 1818 510 1886 Sed
534 1823 567 1886 et
589 1822 740 1907 temporis
764 1823 864 1900 ratio,
889 1826 922 1886 et
945 1843 1018 1900 ves,
1040 1821 1174 1887 Iuvenes
1187 1823 1318 1907 optimi,
1332 1823 1503 1908 flagitetis,

404 1943 440 2006 ut
469 1941 509 2006 ed
540 1963 576 2008 ea
605 1945 819 2021 transeamus,
844 1963 925 2028 quae
952 1965 1039 2008 nunc
1063 1942 1158 2007 huius
1181 1943 1243 2008 diei
1265 1948 1342 2009 sunt
1365 1945 1503 2030 proprie.

404 2060 585 2148 Xenophon
616 2061 790 2148 Ephesius,
823 2066 860 2129 ut
889 2063 1039 2140 audistis,
1063 2085 1099 2127 eu
1122 2064 1249 2149 scripsit
1271 2064 1399 2150 lingua,
1424 2086 1505 2150 quae

405 2183 547 2268 quetidie
568 2205 620 2250 me
642 2184 825 2264 docentem,
851 2205 907 2250 vos
926 2185 1082 2249 discentes
1101 2187 1191 2249 tenet
1209 2188 1398 2269 occupatum
1410 2185 1506 2270 idque

405 2303 549 2368 omnium
572 2325 645 2370 cum
668 2305 850 2390 voluptate,
875 2309 980 2371 vestra
1003 2306 1099 2371 etiam
1122 2327 1194 2371 cum
1217 2306 1367 2372 utilitate.
1395 2306 1504 2382 Quan-

406 2429 515 2512 topere
538 2446 595 2490 ves
617 2426 712 2491 huius
734 2427 864 2512 linguae
885 2429 1024 2493 suavitas
1044 2427 1178 2505 afficiet,
1199 2449 1237 2492 ex
1248 2428 1389 2492 discendi
1401 2430 1506 2492 vestre

407 2549 560 2615 aviditate
593 2549 774 2634 laborisque
810 2549 994 2614 assiduitate
1025 2550 1179 2634 perspexi.
1225 2547 1338 2626 Brevi,
1371 2549 1506 2613 Iuvenes

408 2671 522 2755 optimi
558 2673 591 2735 et
625 2671 878 2756 diligentissimi,
913 2671 947 2734 id
971 2671 1066 2754 ‘qued
1098 2669 1188 2735 vobis
1219 2691 1312 2754 saepe
1333 2670 1398 2734 iam
1422 2668 1505 2745 dixi,

407 2792 568 2867 sentietis,
592 2792 655 2856 nisi
676 2791 741 2856 iam
764 2792 882 2856 sentire
901 2791 1065 2875 coepistis,
1084 2790 1240 2856 Graecum
1252 2811 1430 2855 sermonem
1441 2810 1508 2853 esse

407 2911 609 2991 facillimum,
634 2916 667 2977 et
690 2913 797 2998 plures
821 2913 945 2978 abhoc
969 2913 1118 2977 discendo
1142 2912 1277 2977 aliorum
1300 2910 1507 2988 clamoribus,

407 3057 503 3119 quam
539 3057 598 3099 usu
633 3037 666 3100 et
700 3035 926 3100 exercitatione
957 3034 1117 3098 deterreri.
1165 3031 1268 3109 Quare
1299 3033 1344 3098 sie
1373 3033 1507 3118 pergite.

407 3154 466 3233 Et,
501 3157 527 3220 si
554 3177 611 3220 vos
635 3156 725 3233 novi,
749 3155 897 3240 pergetis.
944 3154 1077 3220 Utilitas
1100 3154 1245 3239 quidem,
1269 3175 1310 3217 ne
1334 3153 1373 3217 de
1395 3153 1510 3236 volup-

408 3278 476 3338 tate
499 3274 620 3352 dicem,
646 3295 743 3357 quam
765 3275 842 3339 hinc
866 3275 942 3339 olim
965 3274 1161 3359 percipietis,
1187 3277 1235 3338 est
1258 3273 1349 3351 talis,
1374 3275 1429 3350 ut,
1443 3272 1511 3336 eui·
1645 3299 1646 3308 ¹

410 3413 536 3476 cunque
568 3413 625 3458 vos
652 3393 738 3458 vitae
760 3394 869 3478 generi
892 3393 1032 3470 deductu,
1056 3394 1169 3459 harum
1193 3395 1357 3459 literarum
1380 3393 1513 3458 scientia

408 3511 498 3577 vobis
521 3512 563 3577 sit
586 3514 770 3591 commode,
794 3513 927 3592 honeri,
952 3517 985 3578 et
1008 3518 1206 3582 ornamento.
