3362 5296
569 579 731 628 uaaufluuo
752 579 878 632 vmaslo.

218 759 338 825 Nostra
360 761 439 826 ratis
462 764 534 827 tuto
558 764 686 829 durabit
707 766 743 828 in
767 788 902 851 aequore
923 770 1038 832 cursu?

218 880 322 959 Audi,
347 905 411 968 quo
435 885 557 967 gemitu
581 888 755 965 antennae,
781 909 844 971 quo
866 889 954 966 vela,
986 887 1198 972 rudentesque

216 1000 324 1086 Atque
347 1004 454 1069 trabes
477 1005 632 1070 clament!
657 1007 726 1084 vix,
750 1009 860 1073 crebro
882 1009 1013 1073 vulnere
1033 1008 1142 1076 clavus

217 1122 366 1203 Saucius,
391 1127 523 1190 attoniti
546 1130 675 1192 demae
698 1129 829 1194 rectoris
852 1130 1007 1195 inhaeret.

217 1243 258 1309 In
280 1248 374 1330 portu
397 1247 474 1331 quid
497 1248 573 1326 erit,
597 1250 673 1326 nisi,
699 1251 821 1314 cunctis
845 1250 957 1316 debilis
981 1251 1094 1330 armis,

215 1365 343 1430 Piratae
367 1367 504 1450 spolium
536 1372 592 1434 aut
616 1370 735 1435 latroni
758 1375 891 1437 truncus
909 1372 1039 1436 inulto?

218 1483 277 1551 Oui
299 1487 407 1555 vultus
430 1491 497 1554 tam
521 1490 646 1566 lentus,
671 1495 708 1555 ut
728 1492 790 1556 ista
814 1493 919 1558 videre
943 1493 1074 1578 patique

216 1607 338 1687 Possit,
363 1609 439 1674 dmn
461 1611 565 1695 rigida
588 1615 712 1678 astutus
735 1615 856 1679 cervice
878 1615 1027 1679 tribunus
1141 1667 1143 1671 ,

185 1772 187 1777 ·
216 1728 277 1796 Per
299 1731 419 1796 medias
440 1732 534 1798 urbes
557 1734 731 1819 populique
754 1735 955 1820 perambulat
978 1756 1047 1813 ora,

217 1851 373 1918 Nassavio
395 1854 569 1940 indignans
590 1855 691 1921 fasces
714 1857 900 1923 submittere
925 1861 1067 1942 sceptro,

217 1973 411 2040 Wittiadum
434 1976 586 2041 simulans
609 1979 642 2040 et
663 1977 872 2042 Barneveldia
891 1977 958 2042 fata

215 2093 390 2180 Nunquam
412 2096 599 2181 sepulchra
623 2119 681 2182 pro
706 2098 853 2164 libertate
877 2097 995 2163 vereri!

215 2214 242 2280 Ο
267 2215 294 2280 si
317 2215 456 2281 Letheae
479 2220 590 2302 potata
614 2217 733 2283 oblivia
756 2219 906 2303 lymphae

214 2335 366 2402 Delerent
388 2360 496 2403 saeros
520 2339 657 2404 lacerato
680 2340 716 2404 in
740 2341 834 2405 corde
858 2340 1006 2405 timores!

215 2456 308 2524 Oerte
333 2458 440 2524 oculos
464 2461 582 2538 averti,
606 2465 706 2524 utne
730 2461 806 2546 quid
830 2461 894 2526 tale
917 2462 1080 2539 viderent,

214 2579 282 2644 Aut
304 2580 393 2645 intus
416 2581 588 2666 lacrymam
612 2581 702 2647 dolor
724 2583 791 2667 ipse
813 2586 941 2648 roraret
963 2583 1118 2649 abactam.

213 2699 369 2786 Haganae
393 2706 513 2781 turres,
539 2701 737 2788 Gothicoque
761 2705 882 2789 palatia
905 2705 969 2768 ritu

213 2821 403 2900 Exstructa,
427 2827 460 2887 et
483 2824 641 2890 discursus
663 2825 765 2904 iners,
790 2847 936 2910 pannosa
958 2824 1061 2889 valete

212 2941 404 3029 Paupertas,
428 2946 631 3031 gaudensque
653 2949 769 3012 ornatu
792 2947 890 3012 divite
912 2947 1016 3011 luxus.

212 3064 364 3150 Improba
387 3088 458 3150 spes
481 3069 514 3131 et
536 3070 612 3131 vota
634 3067 801 3132 hominum
826 3067 978 3132 scelerate
997 3088 1170 3146 novorum,

212 3184 348 3252 Aemula
371 3191 484 3266 corda,
509 3189 568 3252 sub
593 3189 713 3274 insigni
737 3189 930 3274 trepidantia
957 3190 1060 3265 veste,

210 3305 378 3372 Ambitum
401 3306 566 3393 Ucalegon
590 3310 694 3394 rapiat
717 3332 758 3374 ne
780 3310 903 3374 invisus
927 3309 1101 3386 honorem,

212 3425 388 3512 Compositi
411 3432 451 3493 ad
476 3432 590 3494 nutum
614 3431 722 3495 vultus
746 3433 842 3515 atque
865 3453 921 3495 ora
944 3434 1130 3515 potentem,

211 3541 324 3612 Elatae
349 3549 480 3627 mentis,
505 3549 654 3614 simulata
676 3552 849 3628 modestia,
873 3552 956 3617 livor

212 3666 336 3733 Callida
359 3669 497 3734 mellitae
521 3692 673 3756 spargens
696 3673 840 3737 convicia
861 3672 1009 3756 linguae,

212 3787 369 3868 Concilia,
394 3791 581 3876 indignum,
607 3792 701 3876 nugis
724 3792 857 3878 impleta
881 3794 1020 3870 sonoris,

211 3908 329 3974 Sancta
351 3911 429 3975 fides
453 3911 575 3977 abiecta
597 3902 693 3977 'aurae
716 3913 858 3978 mercede
881 3914 1019 3998 popelli,

210 4030 371 4096 Haeredes
394 4033 519 4117 generis
544 4033 622 4097 clari
645 4037 677 4099 et
700 4034 829 4099 virtutis
852 4035 955 4100 avitae

209 4150 376 4236 Despecti,
402 4153 478 4217 dum
502 4175 535 4219 se
558 4154 682 4238 plebeia
705 4155 847 4220 Pecunia
870 4159 942 4220 sede

210 4271 316 4338 Iactat
337 4273 373 4336 in
395 4277 548 4358 augusta,
574 4257 838 4340 censu'sublimis
861 4277 988 4362 iniquo,

211 4391 293 4469 Quid
316 4393 395 4457 mihi
418 4395 580 4459 vobiscum
606 4397 677 4460 est?
701 4400 757 4460 aut
778 4418 850 4475 cur,
875 4398 902 4462 si
924 4398 982 4462 sub
1005 4397 1085 4464 Lare
1106 4420 1225 4490 parve,

210 4511 300 4578 Inter
323 4513 431 4578 dilecti
454 4515 614 4581 taciturna
638 4516 763 4581 silentia
785 4518 884 4594 ruris,
