3362 5296
522 569 665 616 comaclo
687 571 752 616 sesi
771 570 927 618 nausicaa.

243 749 342 817 Nulla
364 750 454 836 quies
476 753 585 818 oculos
607 754 715 818 veniet
737 776 927 839 componere
949 754 1059 820 fessos.

337 872 482 940 Vulturis
507 874 633 939 assiduo
656 876 780 940 roditur
802 897 911 960 ungue
934 876 1031 942 iecur.

242 993 375 1059 Frustra
397 996 493 1059 etiam
516 1016 667 1080 parvam,
693 1018 749 1061 ceu
772 997 841 1074 fur,
865 998 978 1082 irrepis
1000 998 1036 1062 in
1058 997 1185 1065 aedem:

333 1115 378 1180 Te
402 1119 513 1180 manet
536 1121 611 1181 ante
635 1118 721 1182 aedis
743 1139 837 1183 saeva
859 1117 1009 1202 Megaera
1031 1118 1125 1184 fores.

243 1235 386 1300 Tandem
409 1258 519 1301 amens
543 1237 643 1301 animi
665 1241 761 1322 atque
783 1238 937 1303 exhausto
958 1259 1104 1322 corpore,
1126 1239 1228 1306 fassus

334 1357 483 1436 Peccata,
508 1361 541 1421 et
562 1357 697 1423 Sanctos
721 1359 851 1422 nomine
874 1359 961 1423 mille
984 1380 1119 1437 vocans,

242 1474 350 1561 Atque
361 1477 447 1542 inter
458 1479 659 1564 gemitusque
670 1501 840 1564 precesque
848 1484 881 1544 et
889 1502 1063 1559 murmura,
1072 1484 1234 1565 quondam

332 1599 447 1664 Irrisae
471 1603 619 1684 repetens
642 1600 736 1683 signa
757 1601 874 1665 iterata
897 1602 1013 1666 crucis:

242 1718 372 1784 Velabis
396 1720 489 1805 nigro
515 1722 613 1804 caput
635 1719 763 1785 exitiale
787 1721 929 1800 cuculle,

332 1841 435 1926 Inque
458 1842 680 1926 flagellantum
704 1843 897 1927 conspiciere
920 1843 1027 1909 choro.

243 1963 415 2027 Plutonem
436 1963 523 2028 haud
545 1963 640 2027 fallis.
687 1962 757 2027 Iam
780 1967 829 2042 te,
854 1963 1001 2043 silvane,
1025 1965 1151 2030 cucullo

332 2083 455 2164 Exuet,
480 2088 514 2150 11
537 2085 635 2170 capiti
657 2084 804 2150 detrahet
826 2085 881 2150 ille
904 2085 1004 2152 dolos.

243 2205 270 2270 0
298 2227 378 2289 quae
399 2205 567 2270 Tartareas
590 2206 780 2271 recreabunt
801 2206 918 2290 gaudia
940 2209 1046 2284 sedes,

333 2325 442 2402 Qualis
464 2326 500 2390 in
523 2325 658 2391 infernis
681 2347 746 2391 nox
768 2327 830 2391 erit
851 2327 914 2391 ista
936 2327 1032 2392 locis!

242 2446 382 2534 Cocytus
405 2448 511 2513 subito
535 2447 651 2512 fluctus
674 2447 802 2511 attollet
824 2447 954 2512 inertes.

330 2567 478 2633 Latrabit
500 2567 619 2652 triplici
642 2569 774 2652 gutture
797 2568 889 2632 dulce
913 2570 1012 2634 canis.

242 2690 358 2755 Laetus
380 2691 414 2754 et
435 2688 530 2754 Ixion
552 2689 714 2754 volucrem
738 2709 805 2752 non
829 2689 946 2754 sentiet
967 2689 1085 2753 orbem.

330 2810 447 2876 Arenti
469 2811 611 2876 effimdet
634 2809 790 2875 Tantalus
813 2831 867 2875 ore
889 2811 998 2875 melos.

241 2932 303 2998 Hic
325 2933 506 2998 libertatem
527 2933 613 2997 iacta
637 2932 669 2994 et
691 2930 797 2995 civilia
818 2931 898 2995 iura.

332 3053 417 3119 Huic
439 3054 558 3138 populo
582 3051 700 3136 eloquii
721 3051 857 3135 grandia
878 3052 975 3117 verba
998 3055 1086 3116 tona.

241 3175 402 3241 Aeternae
423 3175 518 3240 turba
541 3172 717 3258 tranquilla
739 3172 868 3236 silentia
890 3174 1006 3238 noctis.

330 3298 401 3363 Iam
424 3298 542 3362 vindex
563 3295 671 3360 Minos
695 3299 727 3360 et
749 3294 1017 3359 Rhadamanthus
1040 3295 1119 3372 erit3

241 3419 345 3495 Quum
369 3422 500 3484 tonsum
523 3417 644 3502 superis
668 3437 784 3502 agmen
807 3418 977 3481 descendet
998 3416 1040 3479 ab
1063 3417 1142 3495 oris,

332 3538 442 3626 Digna
464 3540 673 3607 Sacerdotum
694 3541 790 3623 teque
813 3538 940 3620 tuisque
964 3536 1094 3602 cohors:

240 3658 284 3728 Et
308 3663 415 3747 capita
438 3662 552 3727 inflata
575 3663 671 3745 atque
694 3659 866 3724 abdomina
889 3659 1010 3724 11111111
1034 3658 1136 3734 obesi,

331 3783 376 3848 Et
398 3784 480 3868 peda
503 3803 575 3848 cum
598 3781 702 3846 mitris
725 3779 912 3845 transvehet
934 3801 999 3844 una
1020 3780 1112 3843 ratis.

242 3903 449 3990 Prospiciunt
471 3904 587 3988 cupido
610 3904 675 3967 iam
698 3902 819 3966 lumine
841 3900 985 3978 Belides,
1009 3903 1047 3965 ut
1070 3923 1103 3964 se

331 4025 470 4091 Alterno
492 4024 623 4110 pinguis
644 4024 741 4088 turba
763 4023 874 4087 labore
896 4023 994 4088 iuvet.

244 4145 343 4215 Arma
366 4151 476 4212 tamen
500 4146 633 4211 miserae
656 4144 816 4229 deponite.
863 4143 963 4208 Nulla
986 4143 1110 4208 timoris

334 4268 447 4335 (lausa.
494 4267 619 4334 Procax
642 4266 738 4331 faciet
762 4285 843 4350 grex
866 4265 934 4329 sine
957 4267 1038 4329 teste
1061 4264 1154 4329 nihil.

246 4391 399 4458 Custodes
423 4391 599 4455 Damianos
623 4391 732 4466 erunt,
755 4387 923 4472 prolesque
946 4384 1080 4450 Gerardi

333 4511 523 4594 Balthasar,
546 4514 579 4576 11
601 4509 748 4577 Clemens
771 4531 844 4576 cum
867 4507 1026 4578 Rauolace
1048 4528 1123 4576 suo:
