3338 5302
556 573 594 620 nn
616 569 812 618 xenonnonm
833 573 968 621 mnosm.
1297 561 1315 624 7

210 756 308 818 dere?
333 789 373 801 -
398 753 442 818 ne
464 757 574 820 temen
596 757 699 821 multe
717 756 773 820 ille
793 757 881 820 dedit
900 758 1001 836 bone,
1022 760 1124 823 multo
1144 761 1313 844 elegantia.

210 875 302 952 Quod
331 874 459 940 Loeelle
484 877 602 961 ubique
626 876 691 941 fere
716 881 772 941 eut
795 882 894 962 neget
919 881 975 942 eut
998 880 1185 944 dissimulat.
1232 881 1316 957 Quid

210 999 341 1061 tendens
364 996 463 1060 enimi
486 997 614 1061 ereditis
637 997 686 1062 illi
709 997 793 1075 fore,
813 999 841 1063 sl
860 1000 931 1083 quis
952 999 1086 1079 Graece,
1100 1001 1203 1085 qualis
1214 1001 1315 1067 Hem-

211 1117 403 1195 memmius,
428 1117 674 1197 scientissimus,
697 1120 922 1184 annotationes
941 1120 1029 1185 illiue
1049 1122 1200 1188 aeenime
1219 1123 1316 1187 oesti-

211 1242 311 1324 geret.
357 1238 388 1303 Α
418 1239 477 1302 tali
499 1243 610 1304 temen
632 1239 706 1324 plus
730 1259 826 1324 quem
850 1263 870 1304 e
893 1263 926 1305 se
951 1243 1126 1326 exspeoteri
1149 1243 1218 1328 ipse
1240 1261 1315 1328 pro·

210 1361 329 1424 fitetur.
377 1359 494 1425 Nonne
516 1361 617 1444 igitur
638 1360 734 1437 haee,
758 1383 854 1444 quem
877 1362 977 1446 petit,
998 1362 1092 1426 venie
1112 1363 1241 1448 abipso
1260 1365 1316 1428 elii

211 1484 279 1546 erat
309 1482 505 1562 tribuenda?
537 1519 577 1530 --
603 1481 681 1560 His,
706 1493 787 1567 qute
809 1482 890 1546 mihi
912 1482 1002 1546 nulle
1027 1483 1166 1562 invidie,
1190 1486 1231 1548 eb
1255 1485 1316 1549 hee

211 1602 296 1666 enim
318 1623 369 1667 me
392 1621 503 1667 omnes
525 1603 696 1667 ebhomere
720 1603 871 1682 novistis,
896 1606 952 1667 sed
975 1617 1064 1668 emor
1083 1605 1243 1683 veritatis,
1265 1611 1314 1684 et,

212 1725 249 1786 ut
279 1722 341 1788 hoe
364 1727 454 1801 utar,
479 1723 662 1808 indignatio
684 1726 839 1808 quaedam
862 1723 963 1790 civem
985 1737 1093 1790 meum
1114 1747 1134 1789 e
1157 1725 1316 1792 Germano

212 1843 257 1907 sio
287 1841 416 1921 heberi,
445 1844 596 1921 extorsit3
628 1846 683 1909 sed
713 1844 781 1923 his,
815 1844 961 1910 Looellee
990 1846 1111 1911 meritis
1142 1846 1179 1910 in
1207 1847 1316 1913 Xeno-

212 1964 368 2050 phontem
390 1965 472 2029 nihil
495 1968 675 2030 detructum
698 1966 804 2031 velim.

258 2086 329 2151 hno
361 2087 450 2151 huno
478 2086 527 2151 illi
557 2089 688 2178 tontum
719 2086 834 2151 debere
864 2091 1022 2171 quantum
1052 2091 1101 2152 eet
1124 2086 1315 2166 maximum,

213 2223 337 2293 semper
366 2205 514 2272 iudiee'vi.
561 2206 788 2291 Praeterquam
819 2207 904 2270 enim
935 2210 1021 2292 quod
1049 2229 1166 2274 novem
1197 2208 1263 2274 fere
1286 2213 1319 2274 et

214 2331 395 2394 munaum
426 2327 577 2393 Latinum
599 2327 900 2412 interpretationem
923 2327 1055 2407 adiecit,-
1079 2329 1183 2394 multe
1205 2329 1318 2394 melius

215 2449 378 2528 distinxit,
410 2447 512 2513 multe
543 2449 709 2533 ingeniose
733 2451 765 2511 et
788 2450 881 2512 aoute
903 2449 1061 2528 tentavit,
1085 2450 1188 2516 multe
1211 2451 1256 2515 sio
1277 2452 1317 2514 il-

214 2569 380 2646 lustravit,
404 2573 454 2633 ut
487 2587 639 2654 megnem
673 2589 783 2632 omnes
818 2570 857 2632 de
891 2569 980 2634 varie
1013 2591 1071 2633 sue
1099 2573 1136 2634 'et
1170 2575 1319 2640 neeman

216 2691 392 2756 eruditione
423 2691 589 2775 concipere
619 2689 730 2754 iubeat
759 2689 952 2773 opinionem.
1000 2690 1161 2754 Looellem
1191 2696 1317 2782 secutus

216 2816 264 2876 est
293 2810 583 2887 Mitsoherliehius‚-
612 2811 667 2894 qui
697 2809 944 2892 Xenophontem
967 2809 1100 2875 editioni
1126 2810 1321 2896 Bipontine‘e

214 2933 417 2997 inserendum
441 2931 581 3009 curavit,
606 2931 667 2996 hoe
690 2929 755 2995 fere
778 2930 883 3000 solum
907 2930 1103 3009 laudandus,
1139 2935 1226 3016 quod
1249 2955 1318 2997 me-

217 3065 314 3138 gnum
338 3053 531 3120 oraeeornn
549 3052 766 3136 exemplorum
776 3052 972 3136 paucitatem
983 3071 1116 3118 nomem
1128 3055 1261 3119 auxerit.
1275 3075 1316 3102 a

216 3173 465 3259 Fuere-prester
485 3172 544 3237 hos
568 3193 648 3257 quos
671 3172 844 3236 nominavi.
857 3171 913 3236 elii
935 3173 1068 3249 eruditi,
1089 3174 1144 3257 qui
1162 3175 1198 3238 in
1209 3174 1318 3239 Xeno-

217 3295 339 3379 phonte
366 3295 453 3359 hune
483 3293 614 3358 illumve
636 3293 759 3369 loeum,
785 3294 822 3355 ut
845 3292 900 3370 fit,
925 3293 1059 3358 diversis
1082 3294 1160 3359 loeis
1182 3298 1216 3359 et
1236 3299 1320 3360 tem-

219 3416 348 3501 poribus
368 3417 588 3480 emendarunt.
635 3413 697 3489 oui
716 3414 998 3499 eutemintegium
1010 3407 1148 3500 aliquem
1160 3417 1319 3494 laborem,

218 3540 255 3601 ut
285 3555 370 3602 nove
393 3529 568 3600 exoriretui
591 3534 706 3612 editio,
731 3548 900 3619 egglessus
923 3538 988 3612 est,
1013 3540 1171 3620 quent-um
1193 3539 1322 3622 quidem

219 3677 279 3742 ego
310 3657 404 3734 novi,
427 3659 539 3742 postea
561 3657 713 3720 inventus
735 3658 784 3720 est
807 3673 911 3719 nemo.
958 3653 1050 3730 Quod
1073 3659 1183 3720 temen
1204 3657 1243 3721 iis
1266 3659 1321 3742 qui

219 3778 328 3842 literas
352 3775 489 3842 Graecus
511 3779 638 3853 emunt,
659 3775 726 3840 fore
744 3778 947 3860 pergratum,
968 3779 1001 3839 et
1020 3775 1099 3842 alios
1110 3795 1203 3862 saepe
1216 3777 1323 3842 audivi

222 3898 380 3975 dieentes,
412 3902 445 3962 et
474 3899 543 3982 ipse
566 3896 787 3961 animadverti.
813 3933 853 3944 -
878 3895 940 3961 Sed
963 3896 1116 3962 mirantes
1140 3917 1196 3964 voe
1218 3897 1325 3964 videre

223 4017 349 4095 videor,
377 4039 446 4094 me,
469 4018 525 4102 qui
549 4017 805 4082 doctissimorum
828 4016 969 4080 virorum
992 4017 1159 4102 ingenium
1181 4019 1217 4082 in
1239 4041 1325 4084 eme-

224 4139 362 4204 culmea
392 4138 524 4234 Ephesii
556 4137 666 4202 fabula
694 4133 842 4202 leudibus
872 4137 1057 4217 extulerim,
1082 4139 1165 4203 illud>
1185 4142 1330 4206 oratione

224 4261 464 4337 uolumenum,
497 4261 583 4344 quod
597 4330 599 4334 ¹
614 4279 648 4323 re
678 4258 748 4343 ipse
772 4257 936 4323 nonnuliis
959 4259 1059 4324 videri
1082 4259 1184 4345 possit
1204 4261 1328 4326 inutile.

224 4380 313 4445 Illud
335 4381 460 4465 ipsum,
479 4378 669 4457 Auditum,
691 4397 785 4462 saepe
803 4378 881 4442 mihi
900 4379 940 4443 in
954 4383 1093 4445 mentem
1106 4382 1333 4467 veuit‚itaque

229 4504 315 4586 qood
336 4502 546 4585 respondeam
568 4499 680 4564 habeo.
