3362 5300
392 541 453 604 108
888 555 1003 602 canuc

393 741 502 826 Atque
523 741 599 808 huic
630 741 767 807 orationi
798 740 884 806 facta
915 744 1148 818 convenemmt,
1172 740 1387 825 pietatemque
1411 739 1501 806 auxit

394 864 542 948 Publicae
572 863 774 928 liberalitatis
803 862 990 928 recordatio.
1037 861 1189 926 Mauritio
1220 861 1358 938 scilieet,
1386 861 1423 924 in
1444 860 1500 924 illa
1637 843 1638 870 ¹

395 1005 452 1048 sua
484 986 517 1047 et
546 982 709 1048 Guilielmi
738 985 945 1068 paupertate,
974 983 1159 1067 pecuniam,
1184 1003 1247 1067 qua
1270 982 1306 1045 in
1328 980 1499 1046 Academia

395 1105 551 1182 aleretur,
587 1105 727 1189 potenti,
764 1102 900 1168 Ordines
932 1106 965 1168 et
995 1104 1159 1168 decrevere
1189 1104 1354 1180 idoneam,
1386 1105 1420 1166 et
1449 1122 1499 1165 aas

395 1225 551 1303 alienum,
579 1227 666 1309 quod
686 1225 877 1309 reliquerat,
900 1224 1074 1290 solverunt.
1098 1223 1237 1290 Narravi
1260 1223 1319 1301 sic,
1345 1222 1395 1287 uti
1418 1222 1498 1286 acci-

395 1348 457 1412 dit:
482 1368 550 1412 non
572 1347 691 1411 veritus
714 1367 756 1410 ne
778 1345 885 1410 minus
908 1345 1029 1410 urbane
1053 1345 1162 1410 fecisse
1185 1364 1311 1429 arguar.
1358 1343 1498 1428 Pauper·

395 1472 445 1532 tas
468 1468 553 1532 anim
576 1469 711 1550 paterna
730 1487 896 1549 nunquam
914 1465 982 1529 filio
1003 1465 1066 1530 fuit
1083 1464 1312 1549 ignominiosa,
1333 1464 1389 1527 ubi
1409 1485 1498 1547 prae-

395 1589 505 1653 sertim
535 1590 627 1672 pater
654 1608 727 1650 suas
750 1607 826 1670 opes
849 1585 946 1650 saluti
968 1585 1114 1670 publicae
1136 1584 1304 1670 impendit.
1351 1582 1500 1648 Admiror

394 1709 498 1793 magis
527 1707 639 1772 rudem
668 1707 757 1771 illam
789 1710 821 1770 et
851 1707 887 1771 in
910 1706 1054 1791 rogando
1078 1706 1258 1770 libertatem
1280 1708 1313 1768 et
1335 1704 1371 1770 in
1395 1706 1497 1769 dando

394 1829 589 1894 bonitatem:
622 1830 761 1912 dumque
792 1849 843 1892 me
867 1849 886 1891 a
908 1831 1082 1918 conspectu
1105 1849 1206 1892 novae
1228 1827 1424 1912 elegantiae,
1450 1848 1498 1890 ar-

395 1953 460 2014 tem
493 1971 620 2034 quoque
652 1950 688 2013 in
717 1948 871 2014 beneficio
903 1948 1119 2024 ostendentis,
1153 1950 1194 2012 ad
1223 1948 1327 2032 prisca
1356 1949 1498 2031 tempora

395 2075 564 2150 converto,
590 2070 693 2136 facere
715 2071 878 2136 interdum
903 2091 969 2135 non
994 2091 1141 2154 possum,
1166 2069 1245 2154 quin
1265 2069 1363 2133 tacite
1380 2068 1497 2132 dicam:

651 2251 672 2306 Ο
693 2251 762 2305 mihi
781 2249 945 2320 simplicitas
963 2250 1014 2303 illa
1033 2252 1150 2320 paterna
1169 2249 1241 2305 redi!

397 2419 458 2486 Sed
494 2419 519 2484 si
554 2419 649 2484 istam
683 2417 827 2483 Mauritii
859 2421 1078 2503 paupertatem
1109 2418 1239 2484 honoris
1262 2440 1357 2484 causa
1380 2441 1497 2484 memo-

397 2541 483 2618 ravi,
515 2540 639 2616 minus,
670 2561 745 2604 nam
775 2539 945 2604 dicendum
978 2541 1043 2616 est,
1066 2539 1180 2620 laudo,
1203 2541 1306 2623 quod,
1330 2542 1498 2623 postquam

396 2662 465 2726 fieri
500 2665 646 2745 coeperat
679 2661 886 2746 pecuniosus,
922 2664 955 2723 et
984 2660 1142 2724 rationem
1170 2659 1390 2744 Ephemeridis
1416 2661 1508 2734 redi-¹

287 2839 295 2852 .
397 2785 519 2868 gandae
541 2782 688 2848 Italicam
711 2805 730 2846 a
753 2781 883 2848 Stevino
908 2782 1077 2859 didicerat,
1098 2803 1167 2846 eam
1185 2782 1342 2846 rationem
1362 2783 1498 2866 diligen-

397 2903 461 2967 tius
484 2903 640 2981 exercuit,
664 2925 760 2987 quam
782 2903 925 2986 Principi
948 2906 1017 2966 erat
1034 2904 1192 3002 decorum,
1217 2901 1352 2968 Ordines
1372 2903 1498 2986 quidem

397 3045 471 3087 suae
505 3023 742 3088 munificentiae
773 3046 840 3088 non
858 3023 1040 3108 poenituit.
1087 3023 1172 3089 Nam
1202 3045 1301 3107 quum
1332 3024 1368 3087 in
1390 3023 1499 3088 funere

397 3143 560 3209 Guilielmi
583 3144 601 3208 Ι
623 3147 693 3209 tota
716 3145 807 3229 quasi
831 3145 936 3229 patria
958 3144 1063 3208 efferri
1086 3145 1263 3221 videretur,
1287 3144 1393 3209 luctus
1416 3146 1497 3209 sola-

396 3266 478 3330 tium
513 3269 546 3329 ct
582 3288 653 3349 spes
686 3265 788 3330 futuri
821 3265 1015 3343 habebatur,
1047 3267 1133 3348 qnod
1162 3265 1395 3330 adolescentem
1425 3287 1498 3351 prae

396 3386 526 3450 virtutis
565 3386 673 3451 indole
713 3387 750 3450 in
797 3389 899 3470 gradu
939 3391 1091 3470 paternae
1137 3386 1306 3470 dignitatis
1345 3387 1497 3452 collocare

397 3508 558 3590 poterant.

443 3626 541 3692 Initio
575 3628 714 3694 eiusdem
746 3626 841 3707 anni,
872 3650 934 3714 quo
961 3627 1027 3694 fere
1051 3630 1155 3694 medio
1178 3652 1234 3695 rex
1255 3627 1441 3715 Philippus,
1464 3629 1497 3695 in

396 3748 560 3815 Escuriale
589 3752 731 3830 abditus,
764 3774 862 3816 manu
891 3751 995 3816 sicarii
1024 3752 1116 3816 triste
1139 3751 1263 3817 facinus
1285 3752 1419 3838 Delphis
1441 3775 1497 3838 pa·

397 3871 512 3947 travit,
537 3867 671 3955 Delphis
694 3873 788 3936 natus
812 3873 882 3936 erat
902 3871 1061 3937 Henricus
1082 3871 1275 3938 Fredericus.
1312 3873 1416 3940 Mater
1438 3872 1497 3939 oo-

397 3989 516 4074 lignia,
549 3989 688 4061 referens
719 3991 864 4056 laudatas
896 3992 1032 4076 exempli
1053 3993 1191 4059 Romani
1214 3997 1395 4072 matronas,
1419 4016 1496 4078 quae

398 4110 514 4174 liberos
538 4133 610 4176 suas
632 4112 693 4176 sibi
716 4114 889 4178 munditias
912 4117 945 4178 et
963 4119 1093 4180 ornatus
1113 4116 1288 4195 ducebant,
1308 4117 1411 4182 filium
1431 4118 1496 4200 ipsa

399 4232 570 4310 educabat,
595 4235 704 4297 adiuta
728 4235 768 4298 ab
792 4235 1031 4318 Utenbogardo.
1079 4235 1169 4312 Quod
1192 4259 1270 4320 puer
1293 4259 1332 4302 ex
1356 4240 1496 4301 materno

405 4403 541 4415 ...-..--·

414 4471 559 4566 ¹Potercmt)
592 4504 635 4552 aa.
653 4520 688 4568 pr.
705 4509 842 4566 potueruut.
