3362 5300
384 578 425 639 62
879 589 987 640 omno

384 801 477 865 saepe
511 780 544 844 et
576 777 713 864 pecudes
747 778 915 856 cendunt,
952 779 1116 864 turresque
1150 782 1182 843 et
1218 779 1329 844 domos
1359 778 1491 846 feriunt.

384 899 656 977 Quemadmodum
677 902 784 964 autem
806 899 976 983 prudentia
999 899 1254 984 magnitudinem
1284 901 1418 984 periculi
1442 901 1491 965 vi·

385 1025 471 1097 tare,
503 1023 536 1085 et
562 1021 630 1085 arte
652 1018 775 1084 fulmen
798 1020 940 1084 derivare
962 1039 1145 1104 possumne,
1170 1019 1217 1082 ite
1239 1022 1330 1103 petet
1352 1041 1411 1104 per
1432 1043 1491 1084 an-

386 1143 474 1208 nales
503 1141 688 1206 nationibus
720 1142 849 1217 semita,
879 1162 941 1225 qua
964 1142 1171 1224 procedentes
1193 1141 1279 1224 ipsae
1302 1141 1437 1206 aliarum
1462 1146 1494 1206 et

387 1286 462 1329 suae
485 1264 619 1329 utilitati
643 1264 711 1328 sine
734 1262 969 1327 calamitatibus
991 1261 1135 1326 volentes
1157 1261 1344 1327 inserviant.

434 1385 461 1450 O
489 1388 635 1451 sanctum
658 1384 882 1452 Providentiae
904 1383 1110 1448 beneficium!
1157 1383 1220 1459 Qui
1242 1383 1311 1448 fieri
1335 1383 1493 1461 dicamne,

389 1511 426 1573 ut
447 1507 572 1571 ratione
595 1507 628 1569 et
650 1503 780 1590 ingenio
805 1503 911 1568 ornati
934 1503 1097 1582 homines,
1122 1504 1275 1588 neglectis
1298 1507 1409 1569 tantae
1428 1527 1494 1570 me-

388 1627 507 1693 moriae
538 1625 729 1709 praeceptis,
760 1623 939 1708 intelligere
970 1623 1093 1701 nolint,
1121 1622 1226 1688 Deum
1246 1624 1282 1688 in
1306 1647 1412 1690 rerum
1434 1625 1494 1690 hu·

390 1769 558 1812 manarum
581 1743 856 1811 administratione
877 1747 1078 1809 constantem
1101 1744 1211 1829 suique
1233 1745 1368 1811 similem
1389 1749 1496 1812 tenere

390 1871 536 1936 cursum!

436 1991 588 2056 Ridemus
619 1993 760 2055 veterum
791 1989 936 2066 oracula,
968 2010 1049 2072 quae
1080 1987 1225 2054 homines
1252 1988 1394 2054 Deorum
1416 1989 1497 2055 filios

392 2114 570 2190 faciebant,
595 2115 628 2177 et
651 2111 787 2178 Graecos
810 2111 998 2196 probamus,
1022 2110 1162 2174 dicentes
1182 2109 1333 2195 Pythiam
1353 2115 1520 2177 sacerdo?

393 2237 459 2298 tem
494 2255 571 2297 auro
606 2236 787 2318 corruptam
822 2234 855 2296 et
889 2234 1031 2296 coactam
1065 2230 1215 2317 Philippo
1250 2230 1364 2297 favere.
1411 2218 1498 2298 Num

394 2354 472 2439 quid
501 2352 646 2417 meliores
676 2352 807 2416 fuerunt
838 2353 895 2416 aut
922 2352 1146 2436 sapientiores,
1172 2352 1333 2416 meliorem
1356 2354 1499 2437 quamvis

395 2473 581 2559 religionem
605 2472 738 2559 professi
761 2472 938 2558 principes,
963 2473 1018 2557 qui
1042 2472 1207 2538 fortunam
1227 2473 1323 2538 altius
1344 2473 1500 2559 altiusque

398 2597 556 2672 evectam,
580 2597 613 2658 et
634 2592 675 2658 ab
697 2593 811 2671 armis,
836 2614 855 2656 a
876 2593 974 2670 dolis,
996 2593 1144 2677 erigone
1161 2596 1372 2678 pendentem,
1393 2597 1501 2660 tmen

398 2715 633 2801 providentiam
659 2714 801 2780 divinam
822 2712 1140 2797 interpretabantur?

444 2837 616 2921 Lugebant
642 2837 718 2899 ante
744 2834 803 2900 hoe
826 2834 948 2918 aliquot
971 2856 1074 2899 annos
1097 2836 1138 2900 ad
1164 2838 1337 2921 egestatem
1359 2839 1503 2903 redactae

401 2958 565 3035 nationes,
596 2956 753 3041 urbesque
783 2959 815 3021 et
844 2975 945 3042 pagos
971 2957 1056 3021 bella
1080 2957 1221 3041 quotidie
1243 2957 1378 3023 funestis
1403 2959 1502 3024 domi-

400 3083 460 3148 bus
493 3081 671 3166 replebant.
725 3080 775 3158 Is,
811 3078 846 3143 in
880 3099 942 3163 quo
978 3081 1070 3144 erant
1104 3079 1230 3157 omnia,
1266 3079 1503 3146 Providentiam

401 3205 486 3289 pilae
507 3204 610 3267 instar
632 3201 770 3279 habens,
794 3199 856 3265 hoo
879 3200 1010 3264 nomine
1033 3200 1168 3284 populos
1187 3201 1330 3286 decipere
1348 3202 1502 3266 tentabat.

401 3325 497 3389 Nunc
529 3324 621 3406 quasi
650 3343 708 3407 pro
737 3321 870 3404 imperio
901 3320 1017 3397 edidit,
1042 3320 1144 3385 Deum
1167 3321 1228 3385 sibi
1250 3321 1372 3387 dedisse
1395 3325 1428 3387 et
1450 3344 1504 3388 ro·

402 3446 560 3509 luntatem
591 3445 624 3508 et
652 3441 831 3526 potentiam
860 3441 1018 3525 regendae
1049 3440 1232 3525 Hispaniae.
1284 3441 1381 3508 Nunc
1412 3443 1506 3508 morti

403 3565 583 3652 proximus,
616 3585 729 3649 eoque.
745 3562 847 3627 verior
876 3562 1013 3626 creditus
1037 3562 1117 3639 dun,
1142 3585 1244 3628 annos
1266 3563 1329 3649 ipsi
1350 3564 1504 3630 vaticina·

403 3691 456 3754 tus
479 3689 544 3765 est,
568 3706 647 3770 quos
669 3685 704 3749 in
727 3682 862 3748 salutem
884 3683 997 3746 mundi
1017 3683 1158 3748 victurus
1181 3688 1263 3750 esset
1285 3684 1413 3750 scilicet.

448 3807 533 3873 Deus
555 3806 680 3871 homini
702 3806 767 3869 iam
790 3807 930 3870 mentem
955 3806 988 3868 et
1010 3803 1179 3868 consilium
1199 3805 1366 3889 eripuerat.
1413 3805 1506 3872 Exei-

404 3928 557 3992 tabantur
587 3950 625 3992 ex
651 3929 782 3992 veterno
804 3926 908 3990 laesae
931 3925 1094 4002 nationes,
1119 3927 1248 4009 eratque
1270 3925 1306 3989 in
1330 3926 1422 3990 terris
1446 3949 1508 3990 una

405 4049 549 4115 omnium
571 4049 731 4112 bonorum
754 4068 791 4111 ac
814 4045 1019 4132 prudentium
1041 4044 1169 4130 opinio,
1194 4045 1246 4110 cui
1265 4046 1409 4130 opinioni
1430 4047 1509 4112 nihil

406 4191 548 4255 unquam
580 4168 707 4234 restitit.
754 4168 868 4254 Itaque
900 4167 1122 4234 Providentiae
1151 4167 1211 4231 iste
1245 4167 1371 4232 dunas
1394 4189 1510 4234 nomen

406 4312 562 4376 usurpans
604 4291 778 4373 tyrannus,
821 4288 877 4372 qui
920 4285 1022 4351 multa
1063 4289 1206 4351 veterum
1248 4287 1353 4366 facta,
1395 4312 1511 4374 paucas

407 4412 541 4476 virtutes
583 4408 787 4486 imitabatur,
830 4411 956 4492 turpem
1000 4407 1110 4493 fugam
1153 4408 1258 4473 colore
1292 4407 1512 4477 Themistoclis

409 4533 546 4600 ornavit.
