3338 5302
242 1473 448 1540 Doctissimus
478 1489 507 1540 et
537 1480 672 1564 optimus
702 1501 790 1542 senen
821 1479 850 1540 I.
889 1479 943 1541 Tlt.
978 1479 1137 1562 Berpmau
1169 1481 1295 1544 ctiuclum

196 1597 243 1659 lis
262 1595 475 1684 Peerlkampii
493 1599 645 1684 opusculis
663 1601 785 1662 edendis
804 1601 947 1663 ultimam
967 1623 1095 1662 manum
1107 1601 1297 1685 imposturat

195 1739 290 1800 quum
310 1717 437 1803 placilla
460 1731 488 1781 et
511 1720 613 1803 quieto
637 1732 734 1783 morte
757 1723 876 1805 sopitus
899 1733 952 1783 cst.
1000 1718 1056 1782 Aa
1073 1742 1227 1782 summam
1250 1743 1295 1783 se·

194 1849 341 1900 nectutem
368 1861 551 1924 propressus
583 1839 669 1922 (nam
694 1853 830 1925 quatuor
857 1854 885 1905 et
909 1844 1061 1925 octopintc
1085 1863 1182 1904 annos
1205 1842 1296 1920 vicit)

106 1989 108 1994 ·
194 1980 365 2042 numquam
387 1970 423 2020 ut
445 1959 611 2022 molanus
634 1981 727 2044 equus

516 2110 603 2172 senio
628 2109 786 2174 oonfcolu’
811 2112 950 2194 quievit,

194 2261 247 2322 sed
260 2282 353 2344 usquc
367 2263 410 2324 acl
423 2273 593 2324 eatremum
605 2264 752 2347 spiritum
760 2275 907 2349 prouecta
919 2276 963 2326 est
974 2265 1035 2327 oiri
1049 2265 1206 2327 industria
1219 2286 1297 2328 sem-

189 2389 251 2467 per
273 2383 389 2463 aptatis
412 2382 533 2466 aliquid
555 2395 582 2444 et
606 2383 757 2446 molientis
782 2385 865 2468 quocl
887 2384 985 2447 literis
1008 2396 1064 2448 cut
1087 2386 1224 2469 antiquis
1243 2397 1298 2447 aut

188 2503 307 2588 patriis
321 2504 466 2588 prodesse
483 2515 594 2588 posset.
619 2500 702 2566 Ante
721 2506 825 2567 omnia
845 2506 881 2567 icl
899 2505 958 2569 sibi
976 2507 1078 2568 stuclio
1100 2526 1220 2590 semper
1241 2505 1297 2567 ltu-

193 2623 259 2686 buit
281 2634 316 2684 ut
346 2645 538 2686 summorum
568 2624 707 2687 uirorum
729 2637 757 2686 et
789 2626 821 2687 in
850 2625 947 2688 literis
965 2627 1164 2711 principum,
1189 2625 1297 2709 quibus

193 2741 362 2806 Academia
385 2741 684 2826 Lupduno·Botaua
713 2744 886 2827 ploriotur‚
920 2746 1101 2809 memoriam
1131 2756 1159 2808 et
1182 2747 1298 2831 scripto

194 2863 354 2927 celebraret
381 2862 620 2947 illustraretque.
667 2863 794 2928 Fecerat
817 2865 871 2928 loc
895 2865 969 2928 olim
992 2866 1025 2928 in
1048 2863 1296 2940 Hemsterltusio‚

192 2983 392 3058 Rutatenu,
430 2979 669 3066 Wpttenbocltio,
693 3005 793 3070 nuper
818 2986 900 3048 idem
917 2985 995 3070 fecit
1017 2987 1050 3048 in
1080 2981 1296 3060 Valckenario‚

193 3127 274 3167 nunc
295 3104 422 3187 mulque
447 3104 481 3165 in
504 3102 733 3189 Peerlkampio.
893 3155 895 3159 .
1185 3128 1201 3205 t

238 3223 389 3308 Profecto
420 3225 619 3306 dionissimus
650 3236 694 3286 est
724 3226 779 3308 qui
801 3225 842 3287 sic
866 3235 930 3287 toto
949 3235 1072 3309 pectore
1095 3214 1210 3288 alienas
1234 3226 1297 3288 uir-

195 3356 272 3408 tutes
302 3355 332 3407 et
362 3343 466 3406 laudes
497 3344 687 3420 vindicabat,
720 3355 756 3407 ut
786 3346 885 3431 ipsius
908 3346 1056 3408 ntemorla
1080 3345 1117 3407 ab
1142 3344 1298 3420 omnibus,

194 3467 248 3552 qui
271 3464 377 3527 literas
401 3474 527 3539 amant,
547 3465 607 3550 pie*
624 3463 743 3527 colatur
765 3477 794 3528 et
817 3477 1017 3528 conservetur.

926 3641 953 3690 0.
972 3642 1000 3690 G.
1021 3641 1133 3699 ΟΟΒΕΤ.
