3362 5300
386 569 446 631 100
885 577 994 622 enarro

384 767 507 854 patriae
535 765 668 830 haberet
699 761 903 828 carissimam.
949 759 1151 846 Religionem
1182 762 1215 823 et
1245 760 1398 846 pietatem
1422 765 1493 829 tota

384 890 491 953 mente
522 886 638 963 coluit,
671 886 755 968 quod
786 886 819 948 et
848 883 884 946 in
916 881 1058 967 epietolis
1086 903 1179 966 saepe
1210 884 1345 946 testatus
1369 886 1434 963 est,
1459 888 1492 950 et

383 1008 521 1073 moriens
551 1005 762 1072 confirmavit.
809 1001 972 1079 Quantum
1002 1003 1038 1066 in
1068 1022 1105 1066 eo
1133 1003 1282 1068 amissum
1305 1006 1492 1088 putaverint

382 1129 567 1206 Leidenses,
591 1148 733 1191 moerore
750 1125 872 1190 funeris
889 1124 1121 1188 indicaverunt.
1153 1122 1192 1188 D.
1212 1122 1381 1205 Heinsius,
1401 1127 1491 1192 cuius

381 1248 561 1334 Epistolam
589 1248 628 1312 de
651 1246 811 1330 Scaligero
835 1245 876 1308 ed
899 1242 1124 1310 Oasaubonum
1146 1266 1269 1330 semper
1291 1268 1362 1310 sum
1386 1248 1490 1311 admi·

380 1372 469 1436 ratus
502 1371 535 1434 et
563 1388 687 1452 semper
718 1365 915 1443 admirabor,
948 1365 1085 1429 amicum
1115 1364 1302 1430 defunctum
1332 1367 1442 1431 statim
1471 1389 1491 1432 a

379 1489 491 1555 funere
525 1488 689 1565 laudavit,
729 1489 762 1552 et
796 1486 864 1571 ipse
900 1485 1084 1570 gravissime
1117 1489 1294 1550 commotus
1329 1486 1488 1572 lacrymas

379 1610 577 1676 auditoribus
601 1607 765 1693 expressit.
800 1606 957 1672 Postridie
979 1603 1019 1670 D.
1043 1604 1184 1670 Baudius
1206 1606 1291 1670 idem
1313 1607 1350 1670 in
1369 1629 1490 1694 magna

379 1731 546 1796 hominum
569 1728 749 1814 frequentia
771 1726 856 1792 fecit.

425 1850 573 1936 Sepultus
604 1851 653 1913 est
681 1848 716 1912 in
747 1847 824 1911 aede
851 1845 987 1912 Sanctae
1010 1843 1131 1910 Mariae
1153 1845 1274 1925 dicata,
1298 1847 1388 1912 iuxta
1410 1849 1488 1914 sub-

377 1972 483 2050 sellia,
516 1970 601 2036 unde
632 1969 800 2035 conciones
829 1965 1027 2032 Wallonicas
1057 1967 1215 2032 audiebat.
1262 1967 1367 2034 Huius
1399 1971 1488 2037 aedis

377 2092 471 2158 hodie
506 2069 584 2156 nudi
617 2092 746 2154 tantum
780 2090 870 2154 stant
902 2088 1056 2172 parietes,
1093 2092 1125 2152 et
1160 2109 1231 2153 ossa
1261 2088 1412 2175 Scaligeri
1445 2091 1488 2155 ad

377 2212 487 2279 Sancti
509 2211 597 2278 Petri
620 2214 697 2276 sunt
719 2210 886 2274 translata.
929 2206 998 2272 Iste
1020 2208 1262 2274 nimirum'sors
1285 2213 1334 2274 est
1352 2213 1385 2276 et
1404 2233 1484 2276 eon-

377 2331 457 2397 ditio
496 2353 612 2398 rerum.
669 2330 802 2414 Templa
844 2328 1053 2393 aedificantur
1087 2331 1119 2393 et
1151 2332 1309 2395 vetustate
1344 2331 1486 2418 collapsa

376 2453 540 2518 corruunt.
570 2451 726 2517 Homines
748 2451 924 2516 nascuntur
945 2452 978 2515 et
995 2450 1163 2514 decedunt.
1195 2448 1356 2536 Quidquid
1375 2455 1482 2518 antem

374 2723 428 2774 Iani
446 2727 540 2776 Deusae
556 2724 658 2774 iunioris
673 2739 740 2773 casus
756 2722 917 2781 conturbavit;
936 2737 984 2786 quo
1001 2723 1059 2770 adeo
1075 2723 1238 2772 comtematus
1254 2739 1320 2782 sum,
1341 2727 1367 2774 ut
1386 2725 1480 2789 quoties

373 2807 474 2856 infelicis
499 2806 582 2872 ephebi
608 2805 684 2855 vicem
704 2805 839 2863 considero,
862 2803 988 2870 pueriliter
1009 2804 1035 2852 in
1058 2804 1193 2868 lachrymas
1209 2821 1339 2870 erumpam
1375 2807 1481 2858 Decessit

372 2887 473 2939 tabidus.
508 2888 623 2954 Quamvis
644 2903 691 2937 nen
715 2890 810 2937 sinnam
825 2886 987 2936 valetudinem
1003 2902 1071 2952 saepe
1087 2886 1113 2935 iu
1129 2901 1157 2935 eo
1174 2887 1380 2952 deprehenderim,
1397 2892 1478 2940 tanim

371 2970 562 3036 peregrinatione
581 2970 722 3020 Germanica
738 2970 787 3018 feta
804 2969 854 3018 eius
871 2968 1000 3019 accelerata
1013 2972 1079 3033 puto.
1115 2970 1171 3019 Non
1186 2971 1250 3020 enim
1263 2971 1356 3036 patiens
1369 2971 1478 3022 luterum

372 3069 447 3118 neque
463 3054 552 3104 virium
568 3052 711 3103 militarium
724 3052 898 3111 erat—Dies,
914 3066 960 3114 quo
978 3051 1035 3100 haee
1054 3051 1190 3112 scribebam,
1211 3055 1307 3102 octavus
1324 3053 1353 3103 ab
1373 3053 1483 3119 exequiis¹

372 3134 438 3185 illius
454 3133 531 3204 erat.”

404 3217 567 3282 Similiterque
583 3218 609 3266 in
626 3217 687 3282 epist
703 3217 732 3265 ad
749 3215 907 3280 Liudeubrog.
925 3232 947 3281 p.
966 3216 1028 3275 459,
1047 3216 1090 3265 60:

374 3354 377 3358 ,
407 3300 471 3364 AEgo
493 3299 533 3347 hic
554 3299 580 3347 in
603 3313 689 3362 magno
706 3298 773 3347 luctu
789 3301 888 3363 propter
905 3297 1061 3348 immaturum
1078 3300 1171 3348 Dousue
1189 3299 1289 3348 iunioris
1307 3300 1398 3350 obitum
1416 3317 1481 3352 nunc

370 3396 429 3429 sum.
454 3381 534 3445 Quam
556 3380 604 3429 alte
624 3380 685 3428 mihi
706 3379 821 3429 insederit
843 3380 888 3428 hoc
911 3381 1009 3439 vulnus,
1032 3380 1101 3431 vultu
1123 3381 1209 3430 malim
1231 3384 1386 3448 expresserim
1406 3401 1481 3449 quarn

370 3463 471 3528 scriptis.
506 3463 582 3512 Valde
598 3478 664 3512 cesus
681 3461 727 3510 iste
743 3477 852 3512 meorum
865 3461 999 3512 studiorum
1013 3463 1164 3514 conturbavit
1178 3465 1294 3516 rationes:
1310 3482 1386 3531 neque
1401 3467 1481 3519 ullum

369 3561 429 3610 pene
445 3545 496 3595 sine
513 3545 593 3610 aliqua
610 3544 681 3594 huius
698 3544 802 3593 iacturae
819 3543 935 3593 memoria
951 3548 1099 3594 momentum
1117 3545 1257 3611 praeterit.’'

401 3628 523 3678 Pietatem
539 3633 564 3678 et
581 3627 715 3692 relatorem
725 3665 730 3676 .
742 3665 763 3676 ..
778 3642 846 3690 caepe
863 3630 967 3676 maara
977 3632 1021 3685 ert,
1036 3631 1090 3688 eet.)
1107 3628 1238 3677 Postremis
1252 3629 1315 3678 vitae
1328 3632 1395 3680 annis
1408 3648 1479 3697 saepe

368 3719 419 3759 erat
442 3711 530 3771 tristis,
553 3713 723 3760 testamentum
744 3708 812 3769 fecit,
831 3708 942 3758 mutavit.
978 3710 1085 3759 Mortem
1102 3726 1150 3760 non
1166 3710 1273 3761 timebat.
1308 3713 1416 3778 Sepuleri
1433 3715 1477 3764 ho·

368 3809 437 3842 nores
453 3793 585 3843 contemsit.
621 3792 770 3856 Religionem
787 3808 869 3842 eorum
886 3791 975 3851 irrisit,
994 3792 1036 3856 qui
1053 3791 1165 3842 nolebant
1189 3793 1249 3842 alios
1262 3809 1341 3844 secum
1355 3795 1380 3844 in
1394 3797 1479 3848 eodem

367 3874 475 3938 sepulcro
497 3875 574 3924 condi.
597 3901 631 3911 —
653 3875 767 3923 Mortuus
787 3877 823 3923 est
840 3875 872 3922 21
889 3874 944 3923 Juu.
964 3874 1028 3922 loce
1046 3875 1106 3923 hora
1122 3876 1139 3923 4
1156 3875 1282 3924 matutina.
1304 3877 1415 3942 Sepultus
1433 3879 1477 3940 25,

367 3956 405 4005 die
428 3956 553 4006 Dominico
576 3959 630 4020 post
651 3955 736 4004 horam
758 3956 774 4004 2
797 3971 811 4004 a
833 3955 939 4006 meridie.
975 3955 1091 4004 Invitavit
1113 3956 1218 4006 Baudius
1236 3958 1365 4008 Curatores
1381 3961 1409 4009 A.
1429 3977 1478 4012 ven

368 4040 494 4088 Matheues
510 4041 535 4087 et
552 4039 623 4088 Corn.
641 4053 687 4086 ven
704 4038 746 4086 der
763 4037 840 4102 Myle.
861 4039 936 4088 Band.
955 4037 1030 4104 Epist.
1050 4054 1073 4103 p.
1092 4039 1141 4087 286
1159 4042 1183 4088 et
1200 4038 1256 4091 287.
1275 4043 1388 4091 —Gens
1402 4043 1479 4093 Scali-

365 4138 422 4186 gera
438 4121 464 4171 in
482 4120 583 4186 Iosephc
600 4123 635 4170 est
652 4119 774 4169 exstincte.

401 4205 460 4254 ovea
476 4202 602 4267 scaligeri)
639 4201 735 4252 Rectius
753 4203 938 4252 Monumentum
955 4202 1004 4251 sive
1023 4202 1152 4268 Inscriptio
1170 4203 1315 4268 sepulcralis.
1343 4205 1473 4260 Videatur:

366 4286 450 4350 Berigt
472 4301 529 4334 over
550 4285 578 4333 de
601 4283 775 4348 verplaatsinge
793 4299 838 4333 van
857 4284 885 4332 de
903 4283 1077 4334 Grafschriften
1095 4285 1137 4332 der
1155 4285 1273 4348 Ieydeclre
1292 4286 1476 4350 Hoogleeraren

365 4367 470 4431 Scaliger
490 4383 520 4417 en
538 4365 644 4416 Clusius:
679 4365 771 4429 Algam
797 4367 885 4414 Konst·
903 4383 932 4415 en
948 4365 1053 4415 Ietterb.
1074 4367 1144 4416 1819.
1164 4367 1203 4416 Dl.
1223 4368 1477 4427 ΙΙ,1)1.211-213.

364 4448 551 4512 Invena-Berigt
567 4463 613 4496 ven
630 4447 652 4496 l.
670 4447 708 4495 W.
727 4449 751 4496 te
772 4447 866 4506 water,
885 4448 943 4496 door
960 4449 1015 4497 hem
1033 4448 1115 4497 zelven
1132 4449 1288 4514 vervaardigd
1306 4466 1335 4501 cn
1351 4453 1409 4501 door
1424 4454 1480 4503 des-

365 4529 421 4579 zelfs
438 4531 595 4592 Erigonameu
612 4529 638 4579 in
652 4529 695 4578 het
708 4527 768 4578 licht
781 4545 885 4594 gegeven
900 4530 990 4595 (1822,
1004 4529 1054 4578 niet
1069 4529 1094 4578 in
1107 4530 1152 4579 den
1161 4530 1272 4597 handel);
1284 4532 1318 4582 bl.
1332 4533 1479 4586 268-272.
