3362 5300
627 594 818 648 sacremus.
1206 583 1279 646 Ι103

170 785 322 861 secunda,
359 786 484 861 vestra,
516 783 629 868 optimi
660 784 891 865 adolescentes,
924 786 1072 865 caritate,
1102 786 1187 850 vitae
1216 787 1272 851 ille

170 926 258 969 meae
280 925 448 987 rerumque
471 904 614 968 omnium
639 910 845 984 ornament0‚
869 907 948 972 mire
970 907 1148 973 firmantur.

214 1023 245 1088 A
267 1024 358 1090 vobis
380 1024 495 1109 igItur‚
520 1026 679 1090 auditores
703 1026 827 1104 eximii,
851 1028 1027 1112 periculum
1049 1030 1189 1094 accidere
1209 1050 1275 1093 non

169 1147 293 1231 potest,
325 1167 366 1210 ne
397 1166 590 1230 magnopere
619 1169 827 1212 commovear.
874 1148 935 1215 Sed
967 1171 1018 1213 me
1045 1151 1152 1235 ipsum
1174 1150 1275 1235 respi-

170 1268 267 1332 cienti
289 1267 375 1332 haud
400 1289 499 1352 aeque
522 1268 639 1333 fiducia
661 1269 822 1347 consistit,
846 1272 879 1334 et
900 1271 1054 1336 orationis
1074 1272 1203 1336 initium
1223 1272 1275 1335 in-

170 1374 278 1454 uenir'e
305 1389 467 1452 interdum
491 1389 631 1473 despero.
679 1389 713 1455 Si
736 1393 961 1474 argumentum
986 1412 1002 1454 e
1026 1391 1193 1476 disciplina
1217 1413 1275 1456 no-

172 1511 237 1574 stra
265 1509 402 1593 petitum
433 1509 591 1593 explicere
621 1509 811 1592 potuissem,
835 1509 918 1574 nihil
940 1512 1107 1575 cunctatus
1130 1512 1275 1596 proposi·

173 1633 241 1695 tum
275 1630 444 1695 exordirer.
491 1629 553 1696 Sed
584 1629 636 1694 hic
663 1630 732 1714 ipse
762 1630 829 1695 dies
862 1633 894 1694 et
918 1645 1017 1696 'causa
1045 1611 1104 1696 cur
1133 1631 1168 1695 in
1193 1631 1276 1696 hanc

174 1752 281 1816 aedem
324 1749 586 1828 convenerimus,
626 1755 873 1835 praeoccupatas
916 1774 1025 1817 omnes
1067 1753 1278 1837 cogitationes

175 1894 259 1936 meas
288 1875 416 1938 revocat
446 1874 479 1936 et
507 1872 620 1957 defigit
641 1873 676 1936 in
700 1895 798 1936 unam
821 1871 1036 1938 Academiam.
1081 1874 1202 1939 Haeret
1223 1874 1279 1938 illa

175 1993 249 2057 huic
271 1993 394 2077 pectori
416 1991 578 2078 ipseulpta
600 1992 723 2077 image,
748 1994 781 2057 et
803 1996 878 2058 ante
901 1996 1008 2059 oeulos
1031 1996 1174 2059 versatur
1193 2015 1279 2059 meos

176 2114 265 2199 quasi
290 2111 359 2179 Dea
381 2114 537 2198 quaedem
560 2132 751 2198 magnorum
774 2114 914 2179 virorum
937 2115 1026 2199 prole
1048 2114 1142 2195 felix,

659 2292 750 2362 qualis
770 2293 957 2362 Berecynthia
974 2297 1077 2360 mater,

344 2400 431 2453 Laeta
453 2398 542 2452 Deum
563 2400 660 2467 partu,
688 2399 801 2452 centum
820 2399 966 2468 complexa
984 2402 1115 2469 nepotes,

342 2504 444 2559 Omnes
464 2503 623 2569 coelicolas,
642 2519 737 2557 omnes
757 2520 854 2573 supera
874 2505 935 2559 alta
953 2507 1089 2560 tenentes.

222 2693 315 2756 Haud
339 2689 485 2775 equidem
509 2691 621 2774 optare
644 2710 789 2774 possum,
814 2693 866 2768 ut,
888 2694 973 2775 quod
991 2714 1078 2756 nunc
1097 2692 1144 2755 ita
1161 2691 1281 2768 senti0‚

180 2811 324 2877 sentiatis
346 2811 431 2874 idem
455 2831 583 2887 omnes,
604 2831 707 2895 neque
726 2810 941 2888 committam,
961 2813 998 2875 ut
1015 2811 1051 2874 in
1071 2810 1283 2895 praedicande

179 2931 369 2998 Academiae
401 2932 495 2995 laude
530 2951 567 2994 ac
601 2930 759 3015 dignitate
790 2932 956 2995 molestam
986 2932 1077 2996 vobis
1106 2932 1284 2997 orationem

181 3054 368 3118 obtrudam:
393 3053 427 3115 ct
448 3053 557 3116 tamen
578 3054 636 3114 aut
659 3073 748 3116 meus
770 3073 821 3116 me
845 3072 934 3115 amor
956 3051 1017 3115 iste
1038 3051 1140 3129 fallit,
1161 3055 1217 3116 aut
1233 3073 1284 3116 re·

181 3174 275 3240 lictus
306 3172 385 3236 mihi
414 3175 463 3238 est
486 3173 527 3237 ad
549 3171 718 3237 dicendum
740 3172 846 3249 locus,
871 3172 1034 3256 cumipse
1056 3172 1112 3236 illa
1135 3173 1229 3237 laude
1252 3174 1285 3236 et

182 3295 341 3380 dignitate
370 3295 568 3360 coniunctus.
616 3291 699 3369 Quid
728 3292 837 3356 enim?
884 3291 1072 3358 Guilielmus
1094 3294 1112 3358 Ι
1133 3293 1286 3360 Arausiae

182 3415 351 3502 Princeps,
375 3414 580 3480 Academiam
603 3413 789 3478 Leidensem
810 3414 963 3480 condidit
1001 3414 1191 3480 Academiae
1215 3437 1287 3480 cum

184 3538 281 3622 stirpe
306 3536 467 3602 Guilielmi
489 3534 667 3599 honorifica
690 3556 813 3618 semper
835 3539 868 3599 et
891 3536 945 3620 pia
967 3537 1164 3601 necessitudo
1186 3537 1287 3600 inter-

185 3660 295 3735 cessit,
328 3659 471 3742 spectata
500 3655 668 3740 praecipue
699 3655 734 3719 in
757 3655 870 3720 studiis
892 3656 1077 3740 Principum
1099 3655 1288 3740 Arausiaco-

187 3803 267 3844 rum.
300 3776 349 3843 De
366 3777 427 3842 hac
446 3777 546 3861 igitur
565 3775 1028 3860 necessitudineexponentem
1046 3775 1153 3840 faciles
1173 3796 1289 3861 quaeso

189 3905 221 3966 et
242 3901 413 3967 clementes
437 3899 588 3963 auditote.
635 3896 860 3981 Eloquentiam
884 3898 970 3961 enim
989 3897 1079 3962 vobis
1098 3919 1202 3981 neque
1220 3896 1291 3981 pol-

189 4023 306 4100 liceor,
350 4042 453 4105 neque
490 4019 663 4084 oratoriam
697 4019 784 4102 capit
817 4021 1062 4103 argumentum:
1098 4017 1295 4082 versabimur

194 4144 311 4228 quippe
341 4142 377 4205 in
407 4140 474 4205 vita
496 4161 665 4225 puerorum
688 4140 721 4204 et
743 4138 1010 4216 adolescentium,
1034 4141 1089 4203 sed
1112 4159 1221 4203 eorum
1244 4141 1294 4200 ta-

195 4286 284 4342 men,
319 4281 398 4348 quos
429 4260 542 4326 deinde
572 4259 676 4345 gloria
706 4262 746 4325 ad
774 4259 896 4323 coelum
920 4258 1035 4324 extulit
1056 4259 1240 4344 plerosque,
1264 4259 1297 4321 et

234 4565 316 4620 Qualis
333 4562 497 4627 Berecyntia
513 4566 599 4624 mer)
632 4561 719 4627 virgil.
736 4563 794 4611 Aen.
815 4559 857 4610 VI.
877 4559 939 4618 785,
958 4559 1002 4619 87,
1022 4562 1061 4610 88.
