3362 5296
593 564 625 606 m
644 563 861 607 amomonrnu
881 562 1017 606 monum.
1301 539 1361 602 163

342 742 447 807 Noxia
469 765 547 827 quas
571 744 709 828 propriis
733 747 790 807 lua
814 765 903 808 mens
928 743 1080 807 exterrita
1103 743 1253 806 monstris
1297 787 1298 792 κ

345 861 469 927 Condel
485 864 521 928 in
536 886 607 928 ossa
625 863 723 942 faces,
741 886 837 948 quam
853 857 946 929 saevo
958 864 1036 928 haec
1048 864 1123 948 igne
1134 865 1299 948 perurunt!

348 981 418 1046 Ah!
443 984 571 1047 miseret
594 1005 644 1047 me
667 1005 748 1068 pens
771 984 828 1048 cui.
876 983 944 1058 Quo
967 983 1089 1048 lumina
1112 986 1234 1061 vertes,

343 1101 555 1187 Natalemque
579 1106 671 1167 tuum
694 1103 808 1187 quibus
832 1104 1033 1168 exsecraberc
1056 1102 1154 1167 diris?

345 1221 444 1286 Nulla
466 1220 553 1307 fuga.
582 1220 746 1288 Accusanl
767 1223 858 1288 iuslis
882 1227 914 1287 el
936 1223 1023 1287 mille
1045 1223 1197 1307 querelis,

343 1341 433 1406 Mille
450 1364 539 1406 reum
557 1347 590 1406 le
606 1344 710 1408 caedis
729 1347 846 1428 egani,
859 1344 1072 1428 scelerumque
1084 1343 1290 1426 dolorumque

343 1461 387 1525 El
418 1484 625 1548 quaecunque
652 1463 797 1529 homines
820 1465 945 1547 possint
968 1463 1087 1529 violare
1109 1466 1255 1548 deosque.

343 1584 434 1648 Tunc
450 1606 576 1668 quoquc
594 1606 653 1650 nos
665 1606 773 1648 carum
789 1607 988 1668 quaeremus,
1001 1586 1150 1662 barbare,
1164 1584 1310 1661 finirem,

345 1704 433 1768 Aule
455 1703 539 1767 diem
563 1726 620 1788 per
643 1707 675 1767 le
699 1704 819 1768 crudeli
842 1705 952 1768 funere
975 1707 1113 1788 replum.

345 1821 453 1906 Atque
474 1823 561 1886 inter
583 1823 740 1906 lacrymas
764 1824 797 1887 el
819 1823 1031 1907 singultantia
1054 1824 1152 1888 verba

345 1941 495 2026 Amplexi
518 1944 593 2007 anie
616 1942 724 2008 oculos
747 1943 897 2007 ducemus
921 1943 1042 2008 iudicis.
1089 1943 1133 2007 Et
1157 1944 1183 2008 si

349 2062 437 2140 Irae,
461 2063 488 2127 si
511 2062 599 2127 locus
623 2066 671 2127 esl
693 2062 760 2127 illic
782 2065 917 2147 odioque
939 2063 1069 2148 lyranni
1091 2103 1131 2111 -

345 2181 407 2246 Sed
430 2182 508 2266 quid
530 2204 590 2268 ego
609 2184 708 2248 haec?
731 2183 866 2267 Ignosce
885 2183 981 2248 Deus.
1004 2184 1054 2249 Tu
1072 2184 1187 2249 videris
1206 2185 1289 2268 ipse:

345 2302 504 2368 Iudicium
530 2305 679 2370 humanis
702 2306 788 2371 solus
811 2308 850 2371 de
873 2306 966 2372 rebus
990 2306 1131 2373 habebis.
