3362 5296
559 559 597 602 DE
619 557 806 606 eihamense
828 560 972 606 LEIDENSI.

281 740 379 806 Forte
401 763 526 820 senem,
551 743 663 828 populi
687 744 897 809 meditantem
919 743 988 806 fata
1010 740 1143 816 Batavi,

350 861 518 947 Oppressit
544 867 629 928 tecto
654 865 744 948 lapsa
766 867 880 929 ruente
904 866 1027 928 domus.

281 981 366 1047 Ecce
388 983 472 1048 iacet
496 987 590 1050 docto
614 987 793 1072 exemplum
815 985 970 1050 Luzaoius
993 983 1081 1061 orbi,

350 1102 411 1168 Ille
437 1107 531 1170 decus
556 1104 670 1171 Graiae
693 1107 842 1171 Pallados
866 1110 899 1171 et
920 1105 1041 1170 Latiae.

282 1222 399 1301 Illum,
425 1230 606 1310 sperantem
629 1228 677 1292 nil
699 1228 764 1292 tale
787 1231 844 1292 aut
866 1227 931 1292 tale
954 1227 1134 1302 verentem,

350 1344 391 1410 In
415 1348 519 1412 media
543 1347 630 1413 feriit
653 1349 723 1413 dira
744 1349 839 1413 ruine
862 1348 924 1412 via.

281 1465 330 1529 At
351 1467 449 1545 bene,
473 1470 559 1552 quod
583 1469 683 1533 vitam
705 1469 805 1552 longa
824 1470 1026 1532 contemnere
1046 1467 1128 1545 vita,

349 1585 490 1652 Vincere
514 1590 599 1672 quod
622 1590 744 1654 cineres
768 1592 801 1655 ct
823 1590 959 1656 didicere
983 1611 1066 1654 suos.

281 1705 368 1784 Hos,
393 1710 537 1790 quamvis
559 1711 711 1796 inopina,
736 1712 777 1774 ed
800 1713 888 1778 sedes
910 1711 994 1775 laeta
1018 1710 1140 1795 quietas

347 1828 435 1893 Mors
459 1831 548 1894 vehit
573 1835 605 1895 et
629 1853 757 1916 campos
781 1832 871 1896 ducit
892 1832 933 1897 ad
956 1830 1091 1915 Elysios.

286 1947 413 2013 Salvete
435 1948 575 2015 illustres
599 1951 739 2015 animae!
763 1953 884 2016 salvete
906 1952 1037 2030 beatae,

350 2070 536 2155 Gaudiaque
560 2075 708 2138 aeternae
730 2072 852 2158 carpite
875 2074 970 2157 plena
994 2073 1122 2137 domus!

682 2318 833 2332 *-

488 2494 550 2560 ΠΙ.
586 2495 653 2582 ΔΑά
677 2521 781 2563 manee
804 2496 1048 2564 Doasiaeos.

310 2673 461 2742 Dousiaoi
484 2700 612 2757 manes,
637 2682 670 2743 et
691 2681 802 2764 magni
824 2681 963 2745 nominis
988 2680 1121 2758 umbra,

467 2799 539 2864 Sive
561 2804 647 2865 astra
670 2805 757 2866 certa
779 2823 940 2886 permees,

307 2919 372 2986 Seu
396 2921 448 2985 via
471 2924 520 3000 te,
546 2923 633 2986 coelo
657 2944 739 3007 quae
761 2923 846 2987 lueet
869 2921 954 2986 clara
978 2941 1108 2998 sereno,

467 3041 562 3108 Sedes
584 3041 742 3121 Deorum,
768 3043 907 3120 detinet,

312 3161 436 3247 Ecquid
460 3165 603 3230 crudeles
625 3165 762 3248 gemitus
786 3167 818 3228 et
842 3162 946 3227 flebile
967 3183 1112 3226 murmur

469 3284 594 3350 Venere
614 3286 655 3350 ad
679 3285 745 3349 alta
768 3285 893 3349 sidera?

312 3404 338 3469 Ο
364 3405 390 3468 si
413 3405 621 3470 nuncetiam
644 3426 735 3469 curas
757 3405 916 3483 humana,
940 3405 1062 3489 tibique

469 3525 529 3590 nse
552 3547 643 3604 cara,
667 3529 705 3591 ut
727 3527 822 3604 olim,
848 3527 971 3610 patria,

311 3645 404 3721 Quali
426 3649 459 3711 te
483 3647 584 3712 dicam
609 3647 757 3712 affectum
779 3668 939 3725 moerore,
965 3645 1095 3729 Deoque

471 3767 586 3844 Quales
608 3791 717 3853 preces
740 3769 917 3832 effundere!

314 3888 430 3969 Leida‚
454 3889 495 3954 ab
518 3890 682 3954 iberorum
704 3890 824 3954 frustra
847 3891 973 3954 tentata
995 3887 1147 3966 catervis,

473 4009 602 4076 Virtute
625 4009 752 4074 Dousae
774 4010 894 4089 nobili,

313 4130 429 4209 Leida‚
464 4131 520 4195 ubi
553 4131 694 4196 fixerunt
728 4130 898 4196 Heliconia
932 4131 1066 4196 numina
1101 4130 1224 4209 sedem,

473 4252 618 4319 Ducente
640 4251 749 4318 Dousa
779 4256 811 4316 et
833 4252 978 4337 auspice,

313 4374 488 4439 Infandum
519 4375 614 4453 tulit,
647 4378 679 4438 et
705 4395 871 4457 nunquam
894 4372 1080 4437 medicabile
1103 4373 1237 4451 vulnus,

478 4495 656 4561 Commune
679 4497 740 4560 toti
763 4495 895 4579 patriae.
