3362 5300
400 565 441 628 dd
901 581 1008 628 1111111

446 764 522 832 Non
544 788 597 830 me
618 765 732 844 latuit,
757 787 799 831 ne
822 765 957 843 credite,
982 787 1048 831 nou
1071 765 1168 831 latuit
1190 787 1313 832 summa
1331 768 1473 834 muneris
1492 791 1511 833 a

401 910 451 952 me
484 887 624 953 obeundi
659 890 819 974 gravitas,
854 909 957 974 neque
984 887 1025 951 ad
1054 886 1139 953 hanc
1170 887 1330 953 docendae
1359 887 1509 955 historiae

401 1012 526 1093 partem
548 1010 596 1074 ita
618 1012 656 1074 ut
673 1012 714 1093 ad
738 1011 895 1076 docendas
918 1009 1026 1074 literas
1048 1008 1173 1073 accessi.

449 1130 537 1196 Serio
561 1135 656 1197 antea
679 1136 711 1196 et
735 1154 827 1217 saepe
850 1153 973 1196 mecum
992 1129 1100 1194 omnia
1119 1128 1272 1213 perpendi
1292 1131 1389 1213 atque
1408 1130 1507 1213 exegi.

402 1250 534 1336 Cogita,
565 1252 728 1330 dicebam,
760 1254 806 1317 rei
829 1251 1045 1336 suscipiendae
1068 1250 1245 1315 novitatem
1267 1252 1300 1313 11
1323 1250 1506 1335 amplitudi-

403 1395 495 1449 nem3
519 1374 641 1459 cogita,
665 1375 701 1438 in
724 1397 819 1458 quam
841 1372 1049 1438 Academiam
1073 1371 1114 1435 sis
1131 1373 1300 1448 venturus,
1318 1371 1369 1435 cui
1385 1391 1506 1436 succes-

401 1516 508 1571 surus,
533 1515 612 1579 quos
636 1494 772 1579 collegas
795 1494 972 1559 habiturus.

446 1611 615 1698 Cogitavi,
651 1614 837 1701 amplissimi
871 1613 1057 1691 Curatores,
1093 1612 1233 1696 mihique
1268 1615 1407 1677 eundum
1442 1636 1505 1678 esse

399 1734 554 1812 iudicavi,
578 1757 641 1820 quo
664 1759 715 1800 me
737 1736 840 1802 honos
864 1738 897 1800 et
919 1735 1022 1820 gloria
1038 1735 1209 1810 vocarent,
1227 1735 1397 1818 postquam
1415 1757 1505 1820 prae·

398 1856 480 1922 sidia
503 1855 803 1942 circumspexeram,
827 1857 943 1941 quibus
966 1854 1066 1920 fretus
1088 1854 1173 1920 uiam
1195 1853 1386 1939 ingrederer.
1499 1859 1507 1868 “

444 1978 585 2044 Primam
615 2000 651 2044 ac
678 1977 881 2063 praeeipuam
904 1975 1050 2061 spemin
1073 1974 1139 2038 Deo
1164 1973 1201 2038 0.
1226 1974 1271 2038 M.
1295 1977 1503 2060 reponebam,

400 2100 454 2184 qui
482 2100 591 2164 mein
611 2099 721 2165 multis
744 2088 829 2165 vitae
851 2119 941 2163 meae
962 2097 1072 2173 rebus,
1095 2095 1201 2181 ipsum
1224 2097 1374 2180 agentem
1398 2119 1435 2161 ac
1457 2097 1503 2160 vi-
1526 2143 1529 2148 -

400 2220 573 2304 gilantem,
605 2242 664 2305 pro
692 2220 823 2285 infinita
853 2242 910 2283 sua
935 2216 1098 2294 bonitate,
1131 2215 1247 2280 auxilio
1272 2215 1452 2284 sublevavit
1474 2220 1505 2282 et

401 2339 532 2404 adiuvit.

446 2459 610 2539 Alterum,
634 2483 697 2546 quo
719 2461 875 2538 fidebam,
899 2460 1070 2538 auxilium,
1094 2462 1200 2525 vestra
1219 2460 1288 2523 erat
1304 2457 1501 2538 humanitas,

354 2577 356 2582 ’
400 2583 490 2648 cuius
521 2604 615 2647 causa
645 2604 701 2646 vos
731 2604 798 2647 non
828 2582 934 2647 minus
963 2582 1081 2657 amari,
1113 2601 1211 2665 qnam
1233 2579 1389 2644 virtutum
1411 2603 1503 2646 causa

400 2703 577 2781 observari,
602 2725 669 2768 non
691 2702 821 2768 incertis
844 2703 924 2774 mihi
947 2702 1128 2768 auctoribus
1151 2701 1328 2766 constabat.

444 2824 493 2890 De
521 2825 634 2901 tertio,
666 2825 751 2908 quod
781 2821 956 2901 habebam,
987 2821 1199 2898 adminiculo,
1231 2819 1293 2884 hoe
1320 2843 1340 2884 a
1363 2843 1414 2886 me
1437 2823 1502 2907 ipse

399 2945 564 3030 petebam,
600 2944 662 3011 hoc
695 2949 744 3010 est
778 2968 797 3009 a
831 2943 999 3028 diligentia
1030 2945 1063 3007 et
1092 2941 1291 3018 assiduitate,
1323 2940 1358 3005 in
1389 2942 1502 3026 quibus

398 3066 478 3132 mihi
501 3065 603 3131 adhuc
626 3066 844 3144 mediocriter,
868 3064 938 3129 11111
961 3063 1095 3128 fortasse
1118 3061 1213 3146 paulo
1237 3061 1308 3145 plus
1332 3061 1479 3128 satisfeci.
1501 3099 1504 3104 ·

444 3311 564 3387 Quibus
594 3311 775 3396 praesidiis,
809 3306 1046 3374 Clarissimi
1075 3303 1364 3380 Professores,
1397 3304 1500 3370 sivos

398 3430 570 3497 amicitiam
593 3431 731 3494 vestram
754 3427 978 3503 adiunxeritis,
1002 3448 1099 3510 quam
1120 3445 1241 3488 merere
1257 3423 1414 3503 conabor,
1435 3448 1500 3491 me-

398 3553 497 3618 ruisse
528 3553 561 3616 et
589 3551 764 3616 iucundum
795 3553 827 3614 11
858 3548 1030 3633 gloriosum
1059 3549 1091 3610 et
1118 3545 1196 3610 utile
1218 3544 1360 3622 habebo,
1384 3545 1499 3611 mirum

397 3675 432 3738 in
455 3673 585 3739 modum
608 3693 678 3736 mea
699 3664 836 3736 felicitas
858 3672 891 3734 et
912 3669 1028 3733 fiducia
1051 3667 1264 3752 augebuntur.

443 3915 504 3979 His
533 3936 627 3999 porro
655 3914 733 3998 ipsis
762 3916 832 3978 tum
860 3912 942 3977 nihil
972 3911 1076 3975 deesse
1105 3909 1300 3986 arbitrabor,
1332 3908 1446 3993 optimi
1469 3912 1501 3974 et

398 4036 591 4121 optimarum
630 4034 793 4099 literarum
833 4032 966 4098 studiosi
1000 4029 1326 4107 Adolescentes,
1360 4030 1386 4094 si
1421 4029 1498 4108 hoe,

398 4158 453 4222 sed
481 4155 575 4220 bonis
597 4155 736 4234 artibus,
760 4154 964 4239 praestitero,
988 4155 1026 4216 ut
1048 4153 1154 4215 vestra
1176 4172 1226 4214 me
1250 4149 1498 4230 existimatione,

396 4278 477 4357 fide,
501 4279 534 4342 et
556 4297 662 4341 amore
685 4297 752 4342 uon
774 4277 944 4361 indignum
968 4296 1033 4339 esse
1056 4271 1263 4338 arbitremini.

442 4398 587 4476 Vulnus,
612 4397 697 4482 quod
713 4397 914 4462 acerbissima
930 4395 1033 4460 morte
1049 4393 1182 4479 Borgeri
1204 4393 1302 4459 vestri
1317 4396 1497 4480 accepistis,

392 4503 741 4598 'succedencium
761 4517 842 4602 ,talis
872 4499 909 4584 11
938 4516 1022 4581 tanti
1044 4515 1105 4580 viri
1128 4514 1347 4599 exstinguere,
1369 4517 1499 4582 reddere
