3338 5302
725 498 766 549 nn

193 680 290 748 simus,
310 682 432 738 breviter
451 683 645 752 exponendum
666 685 786 740 videtur.
824 685 882 751 Quo
903 685 991 756 magis
1010 685 1085 740 enim
1104 689 1206 742 nostris
1226 689 1297 743 tem·

192 787 305 856 poribus
330 787 360 841 in
387 786 598 843 desuetudinem
626 789 702 843 abire
721 788 814 861 pergit
831 789 948 844 Latinae
966 791 1079 862 linguae
1098 810 1164 846 usus
1185 810 1249 847 oum
1268 793 1297 846 in

194 891 317 946 docendo
336 894 398 947 tum
416 892 447 946 in
466 893 625 958 scribendo,
644 894 687 948 ita
702 896 736 949 ut
751 895 796 949 vel
810 894 864 964 ipsi
880 895 1058 964 antiquarum
1074 895 1219 951 literarum
1236 915 1298 967 pro-

193 997 322 1063 sessores,
347 998 474 1069 neglecto
500 999 637 1054 maiorum
663 1016 738 1054 more
764 999 805 1053 nil
830 1000 883 1053 nisi
909 999 1008 1055 Latine
1034 1000 1178 1068 tradendi,
1198 1002 1299 1057 scholis

193 1103 329 1158 habendis
354 1105 514 1174 praeferant
532 1105 656 1175 patrium
676 1121 843 1170 sermonem
868 1122 900 1160 eo
920 1107 1009 1176 magis
1029 1105 1184 1161 cavendnm
1204 1106 1299 1161 existi-

193 1208 332 1264 mavimus
353 1241 386 1249 —
407 1209 557 1265 dummodo
572 1211 672 1265 saltem
690 1209 781 1265 caveri
797 1209 889 1265 adhuc
906 1213 1040 1279 queat-
1056 1227 1090 1265 ne
1107 1211 1213 1266 malum
1226 1210 1299 1264 illud

192 1314 280 1369 latins
299 1317 429 1384 serperet.
458 1314 604 1384 Quumque
624 1315 660 1368 ad
678 1315 762 1369 finem
782 1330 869 1384 usque
888 1314 963 1370 vitae
979 1315 1190 1385 Peerlkampius
1206 1332 1299 1371 exem·

194 1420 241 1490 plo
267 1436 316 1474 suo
340 1419 445 1474 avitam
470 1419 570 1473 Latine
597 1418 735 1474 scribendi
760 1419 872 1474 laudem
897 1422 1008 1474 strenue
1033 1419 1216 1488 vindicasset,
1242 1438 1299 1476 non

195 1526 307 1578 tantum
333 1523 363 1577 in
388 1523 495 1588 soluta,
522 1541 618 1578 verum
644 1524 727 1578 etiam
749 1523 777 1577 in
796 1523 886 1594 ligata
905 1524 1045 1590 oratione;
1065 1542 1137 1595 quae
1157 1528 1251 1580 autem
1270 1526 1300 1580 in

195 1629 312 1696 utroque
338 1645 438 1699 genere
465 1627 663 1698 praestitisset,
687 1627 790 1698 partim
817 1645 940 1683 seorsum
959 1628 1036 1683 edita
1061 1629 1164 1698 partim
1186 1630 1216 1684 in
1236 1630 1299 1685 aliis

194 1731 323 1802 operibus
349 1748 459 1801 sparsa,
488 1731 534 1786 vix
557 1731 678 1802 amplius
697 1734 798 1800 paratu
817 1731 912 1787 facilia
932 1735 1039 1798 essent,
1060 1735 1300 1804 operaepretium

194 1853 244 1891 nos
269 1835 391 1890 facturos
416 1837 592 1906 putavimus,
618 1835 642 1890 si
661 1835 807 1892 Orationes
827 1837 885 1892 eius
904 1839 934 1892 et
953 1837 1083 1892 Carmina
1102 1837 1236 1910 singulari
1253 1857 1300 1895 vo-

193 1941 300 1996 lumine
317 1941 489 1996 coniunctim
507 1941 698 1996 exhiberemus
715 1951 800 2011 atque
814 1942 844 1996 in
854 1943 1013 2012 exemplum
1023 1943 1094 1997 bene
1104 1943 1300 2014 eleganterque

193 2046 293 2102 Latine
320 2045 459 2100 scribendi
484 2045 644 2101 hominibus
663 2047 765 2101 nostris
785 2063 1009 2117 proponeremus.
1048 2047 1132 2102 Suam
1151 2047 1225 2102 enim
1245 2048 1298 2102 sibi

193 2151 317 2207 habebat
336 2150 545 2220 Peerlkampius
555 2149 754 2217 Latinitatem,
771 2168 870 2220 puram
880 2150 959 2206 illam
977 2154 1006 2206 et
1019 2151 1199 2221 exquisitam,
1217 2155 1299 2207 aoute

194 2255 277 2310 dictis
303 2273 335 2310 ac
355 2255 556 2309 sententiarum
576 2254 729 2309 luminibus
749 2255 927 2322 distinctam,
948 2255 984 2308 ad
1003 2256 1162 2326 exemplum
1181 2257 1299 2327 optimo-

193 2379 255 2415 rum
275 2360 455 2429 scriptorum,
476 2376 531 2414 non
548 2358 617 2414 adeo
628 2359 779 2426 Ciceronis,
800 2377 884 2429 quam
903 2361 997 2430 potius
1015 2360 1225 2427 historicorum,
1242 2361 1298 2416 Ne-

192 2465 286 2535 potis,
321 2463 449 2519 Sallustii
476 2481 509 2519 ao
537 2464 628 2519 Taciti
657 2464 832 2534 potissimum
862 2465 1049 2534 similiumque
1077 2466 1296 2533 conformatam

192 2587 333 2640 quumque
362 2568 391 2624 in
420 2556 567 2640 poetarum
595 2569 758 2625 Latinorum
788 2569 877 2624 omnis
906 2570 967 2625 aevi
995 2570 1115 2626 lectione
1144 2588 1176 2626 ao
1205 2571 1297 2627 studio

192 2675 268 2730 vitae
294 2675 347 2729 sibi
372 2675 461 2730 veluti
486 2675 698 2730 tabernaculum
725 2675 902 2741 collocasset,
927 2675 986 2744 ipse
1010 2676 1134 2746 poeticae
1154 2677 1298 2732 facultatis

193 2779 346 2850 specimina
371 2779 495 2850 prodidit
520 2797 576 2834 non
602 2783 660 2834 tam
688 2780 778 2834 multa
802 2780 931 2850 quidem,
957 2781 1005 2835 sed
1025 2798 1097 2851 quae
1116 2781 1153 2836 ad
1172 2785 1295 2838 veterum

192 2884 394 2954 praestantiam
413 2884 539 2956 proxime
559 2882 730 2939 accederent.

231 3095 306 3161 Quae
326 3093 458 3164 temporis
478 3093 572 3149 ordine
591 3093 712 3163 primum
732 3094 824 3149 locum
841 3095 961 3163 occupat
978 3095 1068 3148 Oratio
1085 3095 1116 3148 de
1132 3095 1298 3165 Xenophonte
1387 3147 1392 3154 .

194 3203 323 3272 Ephesio,
350 3216 412 3255 eam
437 3199 538 3254 habuit
556 3198 780 3268 Peerlkampius,
801 3199 904 3253 Rector
923 3197 1068 3268 Gymnasii
1086 3198 1299 3265 Doocumensis,

194 3305 337 3375 ediditque
363 3304 502 3371 Harlemi,
527 3302 603 3374 apud
633 3303 695 3359 adr.
715 3303 827 3374 Loosjes
846 3320 871 3357 a.
893 3302 985 3368 1806,
1003 3302 1152 3358 accedente
1178 3303 1208 3358 in
1231 3319 1299 3358 eun-

195 3411 258 3466 dem
278 3409 439 3480 scriptorem
459 3407 692 3464 Observationum
712 3408 874 3462 criticorum
893 3407 1052 3477 specimine.
1092 3408 1185 3474 Hane,
1201 3411 1301 3479 utpote

194 3516 326 3570 leviorem
353 3515 490 3584 opellam,
515 3514 574 3582 ipse
601 3513 659 3567 sine
686 3512 770 3568 dubio
796 3530 939 3582 nunquam
960 3511 1146 3567 recudendam
1165 3517 1302 3570 curasset:

194 3623 322 3676 attamen
341 3619 475 3682 oblivioni
494 3619 604 3673 tradere
621 3617 776 3683 noluimus,
793 3634 940 3688 suppresso
958 3619 1070 3672 tantum
1086 3618 1237 3687 specimine
1252 3619 1302 3674 ori-

195 3725 265 3791 tioo,
292 3724 367 3795 quod
395 3741 484 3793 neque
510 3723 716 3780 adoratorium
736 3740 824 3794 genus
845 3723 1020 3794 pertinebat,
1041 3725 1153 3792 etpost
1172 3723 1304 3794 Ephesia-

196 3849 291 3886 eorum
311 3829 462 3884 editionem
481 3847 506 3884 a.
527 3828 600 3882 1818
619 3828 754 3884 novitatis
773 3828 894 3899 gratiam
913 3827 1054 3884 amiserat.

232 3936 344 4002 Quanta
366 3953 429 3990 oum
447 3934 531 3988 lande
551 3951 601 3988 suo
620 3936 745 4003 tempore
765 3935 914 4002 exceptum
934 3921 1021 3987 suerit
1038 3932 1091 3988 hoo
1110 3932 1231 3988 iuvenile
1256 3933 1303 3988 do-

196 4042 302 4097 ctrinae
322 4043 352 4094 et
370 4038 524 4094 industriae
543 4037 698 4108 specimen,
717 4040 908 4108 quantamque
928 4038 1166 4108 exspectationem
1187 4037 1221 4093 de
1238 4037 1303 4093 sori·

195 4148 276 4216 ptore
302 4162 351 4200 suo
377 4143 556 4210 excitaverit,
582 4142 671 4199 videri
695 4144 790 4212 potest
814 4142 843 4196 in
867 4142 1024 4198 Annalibus
1050 4141 1195 4199 literarum
1215 4145 1244 4198 et
1263 4160 1306 4199 ar-

196 4251 269 4306 tium
287 4248 378 4320 Regni
397 4246 572 4310 Hollandioi,
593 4247 705 4317 publica
724 4246 892 4302 auctoritate
911 4248 940 4301 in
960 4247 1052 4302 lucem
1072 4248 1179 4303 emissis
1201 4249 1231 4319 ¹).

207 4353 372 4370 um

210 4379 257 4464 Ι1)
283 4401 431 4452 Jaartoekcn
453 4402 496 4450 der
525 4398 721 4462 Wetensehcppen
745 4416 774 4449 ea
797 4399 907 4448 Konstea
924 4399 950 4446 in
967 4398 1008 4448 ket
1025 4399 1168 4462 Koniaprijk
1185 4397 1308 4459 Holland,

197 4488 280 4536 Banu
297 4487 350 4536 dea
365 4501 419 4535 over
439 4484 512 4533 1806.
547 4483 626 4532 Amet.
644 4499 673 4531 cn
690 4484 744 4531 Dea
762 4481 847 4544 Haaq,
867 4481 938 4530 1809.
959 4481 1033 4530 bladz.
1054 4480 1192 4532 197-207.
