3362 5300
404 587 464 658 l36
902 610 1010 666 enarro

400 802 541 864 oratores
570 800 606 864 in
637 821 674 866 eo
703 801 863 866 laudando
892 802 1116 867 Marathonem
1140 805 1173 867 et
1196 802 1389 868 Salaminem
1414 823 1504 868 suam

401 921 604 1000 invenerint,
650 943 873 1007 sacrorumque
906 923 1059 988 librorum
1105 923 1295 1007 interpretes
1338 924 1504 990 historiam

354 1071 356 1076 ·
403 1029 576 1126 quotannis
606 1041 641 1106 in
663 1043 791 1126 templis
812 1045 977 1128 repetant,
1001 1063 1095 1108 nemo
1118 1045 1228 1108 tamen
1248 1045 1429 1123 invenitur,
1455 1048 1505 1110 oni

403 1181 470 1225 non
499 1161 545 1225 ita
574 1163 713 1249 placeat,
744 1166 783 1227 ut
813 1163 854 1226 ad
875 1166 1008 1228 eandem
1032 1155 1205 1229 obsidionis
1228 1166 1502 1231 commemoratio·

401 1304 477 1347 nem
499 1304 583 1348 novo
607 1305 730 1368 semper
752 1283 864 1348 ardore
886 1267 1117 1362 inflammetur,
1140 1285 1231 1368 pueri
1253 1287 1333 1350 adeo
1357 1289 1391 1350 et
1411 1285 1503 1350 femi·

400 1425 462 1468 nae
484 1403 661 1481 exsultent,
684 1395 808 1488 ipsique
830 1423 920 1468 senes
944 1404 1034 1490 quasi
1057 1404 1180 1469 abiecto
1197 1426 1356 1471 annorum
1373 1409 1502 1492 torpore

400 1524 602 1588 revirescant.
650 1521 888 1608 circumspicite
918 1526 1046 1601 domos,
1070 1527 1102 1588 et
1124 1523 1223 1588 libros
1245 1526 1406 1609 quaerite,
1430 1527 1502 1611 qui-

401 1643 461 1708 bus
489 1645 595 1728 patres
626 1643 764 1708 familias
793 1644 894 1709 otium
917 1643 1039 1708 utiliter
1061 1643 1235 1722 delectant,
1258 1645 1429 1711 invenietis
1453 1648 1504 1712 vel

400 1765 436 1828 in
469 1785 606 1849 paupere
636 1764 829 1830 bibliothece
851 1764 991 1829 vicinum
1014 1785 1107 1848 saepe
1129 1763 1222 1830 Novo
1246 1763 1418 1850 Veterique
1441 1766 1503 1832 To-

401 1888 559 1951 stamentc
591 1883 765 1950 Orlersium
793 1885 844 1949 vel
876 1883 1070 1950 Severinum.
1117 1884 1187 1949 Iam
1209 1886 1279 1950 loca
1300 1886 1502 1966 suburbana,

400 2007 615 2087 munimenta,
639 2006 756 2085 fossas,
779 2005 907 2090 inipso
928 2005 1006 2070 urbe
1028 2008 1137 2084 aedes,
1161 2005 1323 2090 sepulcra,
1347 2007 1503 2092 quidquid

397 2149 469 2194 cum
504 2129 655 2195 memorie
686 2128 772 2193 tertii
802 2127 888 2192 illius
923 2127 985 2192 diei
1018 2125 1164 2191 Octobris
1195 2129 1244 2191 est
1273 2128 1502 2206 coniunctum,

399 2269 492 2313 nemo
523 2272 665 2336 unquam
696 2251 764 2315 sine
792 2249 890 2313 tacita
918 2247 1127 2312 admiratione
1155 2249 1408 2332 contemplatur,
1433 2270 1502 2314 sor·

400 2369 539 2460 dentque
568 2390 644 2454 prae
673 2370 743 2434 istis
766 2367 1020 2454 splendidissima
1042 2387 1154 2451 regum
1178 2389 1214 2433 ac
1237 2368 1419 2453 principum
1443 2392 1503 2454 pa-

399 2483 486 2555 latia.
533 2487 695 2574 Antiquae
729 2489 873 2566 chartae,
908 2487 1077 2572 epistolae,
1113 2509 1228 2554 manus
1262 2488 1401 2553 virorum
1434 2489 1502 2555 for-

399 2611 497 2690 tium,
522 2610 733 2688 ranunculae,
758 2609 866 2688 numi,
890 2607 1043 2694 pecunia,
1067 2608 1194 2674 tabulae
1219 2608 1339 2695 pictae,
1359 2613 1502 2695 tapetes,

399 2750 505 2812 arma,
537 2727 695 2819 supellex,
726 2749 784 2797 ceu
814 2731 948 2795 totidem
973 2729 1115 2794 thesauri
1138 2751 1156 2794 a
1179 2730 1412 2815 possessoribus
1436 2753 1503 2797 ser-

398 2856 524 2919 ventur.
570 2853 700 2919 Famem
721 2854 873 2929 tolerare,
897 2869 994 2935 quam
1018 2849 1081 2915 tale
1100 2852 1325 2914 ornamentum
1344 2850 1501 2929 vendere,

400 2975 542 3039 mallent.
588 2974 676 3054 Fuit,
709 2993 812 3058 neque
841 2973 868 3036 is
899 2973 937 3036 de
968 2967 1136 3050 divitibus,
1161 2970 1217 3055 qui
1238 2972 1389 3056 cespitem
1413 2972 1502 3036 bitu-

399 3094 574 3173 minosum‚
606 3091 641 3159 in
673 3093 784 3160 castris
813 3091 966 3177 Hispanis
988 3091 1174 3170 inventum,
1198 3094 1332 3176 argento
1355 3091 1503 3156 include-

398 3219 466 3296 ret,
497 3239 538 3280 ne
563 3217 833 3300 corrumperetur:
858 3214 1077 3297 quantumque
1100 3213 1281 3277 ornamenti
1304 3212 1429 3277 saecula
1451 3233 1504 3276 re-

398 3332 504 3420 liquiis
533 3333 603 3400 istis
633 3335 855 3410 detraxerunt,
886 3334 1015 3396 tantum
1047 3330 1176 3414 pietatis
1211 3352 1248 3395 ac
1282 3332 1501 3397 venerationis

399 3455 556 3522 addidisse
578 3452 744 3520 videntum
768 3473 870 3538 neque
892 3452 1007 3529 miror,
1031 3468 1130 3534 quum
1151 3445 1291 3516 Francus
1315 3449 1505 3537 Berkheyus

399 3598 485 3642 anno
514 3575 601 3641 urbis
623 3573 774 3639 liberatae
797 3570 1012 3637 ducentesimo
1034 3571 1115 3635 illud
1139 3590 1265 3636 carmen
1287 3569 1323 3635 in
1345 3568 1423 3635 aede
1448 3594 1501 3637 sa·

398 3717 452 3763 cra
474 3696 637 3774 recitaret,
662 3693 868 3778 dixissetque,
891 3691 1029 3776 primum
1050 3690 1252 3754 inimicorum
1274 3690 1390 3768 telum,
1414 3692 1505 3776 quod

395 3816 431 3882 in
465 3813 595 3881 Leidam
629 3815 851 3890 conficeretur,
887 3832 943 3877 suo
978 3831 1011 3876 se
1041 3810 1144 3895 capite
1177 3829 1244 3876 esse
1272 3813 1503 3895 excepturum,

396 3959 498 4002 unum
520 3959 559 4002 ex
580 3936 673 4022 plebe
695 3937 850 3999 lentorem
873 3926 1046 3998 clarissima
1069 3949 1148 3996 voce
1165 3931 1371 3995 exclamasse:
1393 3953 1504 3997 sccun-

396 4059 472 4123 dcm
494 4057 581 4122 milri·

440 4176 549 4263 Atque
566 4174 627 4242 iste
648 4171 851 4242 Leidensium
873 4191 1002 4253 sensus,
1026 4169 1066 4238 ab
1090 4168 1183 4238 initio
1207 4174 1274 4238 tam
1295 4167 1399 4237 nobili
1421 4193 1503 4258 pro·

395 4297 512 4377 fectus,
547 4298 667 4364 mansit
700 4295 895 4374 indelebilis,
929 4295 1053 4379 fuitque
1087 4294 1192 4382 nescio
1229 4314 1291 4376 qua
1325 4294 1504 4361 sanctitate

395 4423 523 4499 auctus,
555 4442 654 4505 quum
684 4411 930 4503 pulcherrimam
960 4411 1131 4481 inusitatae
1161 4413 1289 4482 uirtutis
1315 4414 1504 4500 acciperent

395 4540 569 4612 mercedem
592 4537 809 4606 Academiam.
