3362 5296
600 527 629 572 G.
651 527 676 572 0.
698 529 725 571 B.
748 528 937 575 SUBINGABIO.

314 709 401 784 Quae
424 711 519 775 colice
543 732 560 774 e
582 710 702 775 difficili
725 713 897 776 certamine
919 713 1020 778 laudis

359 829 522 895 Vicborem
545 830 625 895 vidit
646 835 679 895 le
702 832 845 895 retulisse
868 833 989 914 pedem.

315 948 366 1013 Sic
389 949 489 1033 igilur
511 952 544 1013 le
566 954 649 1013 serta
672 951 786 1014 deceni
808 951 979 1015 viridanln'a
1001 953 1100 1030 lauri,

358 1067 435 1143 Quis
458 1069 606 1133 meritum
630 1070 758 1134 ornavit
779 1069 835 1134 lux
858 1070 1012 1165 bodierna
1032 1073 1146 1166 capum

313 1188 414 1267 Illud,
438 1189 495 1252 ubi
516 1192 631 1273 pergat
652 1210 776 1253 servare
799 1190 952 1254 modestia
974 1190 1096 1267 sedem,

359 1307 438 1371 Fida
462 1329 566 1372 comes
590 1308 746 1392 reliquae,
770 1310 855 1392 quod
877 1309 940 1373 fut
961 1312 1048 1386 anie,
1073 1310 1161 1387 viae,

314 1427 358 1491 Ec
380 1450 545 1513 nunquam
568 1427 689 1492 Phoebi
712 1429 840 1492 frondes
863 1433 896 1492 et
918 1430 1057 1512 praemia
1076 1451 1240 1513 nunquam

362 1547 508 1613 Officienl
529 1550 623 1614 rectis
647 1571 740 1614 aurea
763 1550 948 1614 luminibus,

316 1668 359 1732 El
381 1672 501 1752 perget.
549 1668 626 1744 Quis
650 1671 735 1734 enim
759 1670 863 1754 patria
884 1672 1008 1734 mutare
1030 1670 1142 1734 relicta

361 1787 482 1852 Incilai
505 1792 652 1853 exlernos
676 1791 708 1852 be
731 1811 833 1854 novus
853 1793 947 1853 ardor
966 1793 1082 1874 agros?

322 1906 416 1984 Non,
444 1911 481 1972 ut
503 1906 658 1972 Borbcnii
681 1910 794 1974 mirere
816 1910 936 1994 palatia
959 1911 1092 1994 regie,⁸

362 2027 430 2093 Nec
452 2030 538 2105 loca,
564 2051 644 2113 quae
666 2029 757 2094 flavis
781 2029 927 2113 Sequana
950 2032 1075 2093 mordei
1098 2029 1204 2112 aquis3

325 2147 393 2214 Nec
417 2170 519 2213 mores
541 2149 660 2226 discas,
681 2171 759 2234 quos
782 2170 860 2234 gens
883 2149 980 2213 habel
1002 2150 1080 2227 isla,
1106 2151 1239 2232 politos:

367 2266 469 2333 Nobis
493 2269 678 2353 simplicibus
702 2273 811 2333 nosira
834 2269 956 2333 Balara
979 2273 1029 2333 sai
1048 2273 1105 2332 cst.

321 2385 437 2453 Nobile
460 2391 605 2452 materna
627 2387 802 2473 hospilium
825 2389 960 2472 pietate,
984 2388 1114 2473 Decque

364 2509 459 2574 Sacra
482 2512 611 2588 domun,
643 2510 755 2574 siudiis
778 2513 855 2574 sunl
876 2511 978 2594 magis
1001 2513 1077 2593 apia
1100 2509 1173 2576 luis.

320 2629 401 2706 Hic,
425 2630 481 2692 ubi
504 2633 637 2694 naturae
659 2629 761 2694 facilis
784 2653 897 2695 manus
920 2631 1007 2694 exuit
1030 2632 1118 2693 arcia

368 2747 520 2825 Vincula,
544 2749 699 2812 Lucinam
721 2771 780 2813 uec
802 2750 945 2834 paritura
968 2752 1071 2813 vocal.

320 2867 396 2945 Hic,
421 2868 477 2932 ubi
501 2871 668 2952 deponunt
690 2870 795 2933 miseri
817 2870 1046 2935 immedicabile
1069 2869 1202 2944 vulnus,

367 2988 522 3052 Mirantes
546 2989 648 3053 facies
670 2990 710 3053 ad
734 3011 818 3053 nova
840 3012 933 3054 crura
956 2990 1067 3073 pedae,

323 3108 386 3172 Hic
408 3111 445 3172 bu
468 3108 575 3173 oculos
599 3109 802 3192 animumque
825 3110 976 3193 exemplis
999 3110 1121 3175 insirue
1137 3108 1263 3186 mullis,

368 3228 524 3293 Iudicium
548 3232 682 3292 exacuai
704 3229 795 3312 copia
818 3231 910 3293 lania
933 3233 1034 3293 tuum.

324 3348 368 3412 Te
391 3350 554 3424 reducem,
579 3351 611 3411 eb
634 3349 759 3412 cumulo
784 3349 947 3414 doctrinae
969 3350 1076 3414 divitis
1099 3353 1245 3429 aucium,

370 3469 513 3534 Praemia
536 3468 681 3545 virtulis,
705 3492 786 3552 quae
809 3493 962 3548 mereare,
987 3473 1129 3534 manent.
