3362 5300
373 569 434 632 106
873 583 981 630 oaauo

374 769 438 834 mia
469 767 631 835 Guilielmi
663 767 764 852 patris
787 767 922 852 epistola
944 767 1074 834 Rectori
1097 768 1290 854 caeterisque
1315 767 1479 834 Professo-

374 892 463 956 ribus
486 892 735 954 commendatus.
781 887 946 955 Afferebat
969 889 1147 974 praeclaras
1168 891 1291 975 ingenii
1310 889 1480 956 facultates

375 1014 409 1076 et
440 1033 509 1076 eam
540 1011 657 1076 laboris
686 1011 922 1090 assiduitatem,
946 1012 1015 1076 sine
1037 1034 1100 1096 qua
1123 1033 1288 1096 nunquam
1312 1012 1480 1096 quisquam

375 1132 534 1198 excelluit.
579 1131 677 1198 Suam
699 1154 840 1217 quoque,
864 1136 901 1197 ut
920 1154 988 1198 mos
1006 1135 1091 1211 erat,
1111 1133 1251 1198 habebat
1269 1133 1479 1211 sententiam,

375 1254 475 1318 animi
497 1256 531 1318 et
551 1253 676 1319 consilii
699 1254 984 1338 significationem,
1009 1277 1047 1318 ex
1067 1254 1182 1340 quibus
1204 1254 1372 1319 sententiis
1387 1275 1480 1338 saepe

375 1376 480 1440 omnis
510 1375 578 1439 vita
598 1375 712 1439 talium
735 1375 902 1438 hominum
925 1375 1135 1460 cognoscitur.
1182 1374 1333 1440 Habebat
1355 1376 1477 1439 autem:

382 1496 518 1561 Tandem
534 1499 579 1584 fit
602 1497 741 1560 euraclus
763 1497 867 1561 orbor.
891 1494 1005 1573 Multi,
1031 1496 1141 1574 erede,
1164 1495 1200 1560 in
1223 1495 1320 1560 simili
1338 1495 1479 1572 fortuna,

376 1639 431 1702 spe
461 1619 495 1681 et
524 1618 642 1695 aetate,
675 1639 707 1681 se
736 1616 801 1680 iam
832 1616 959 1681 arbores
982 1638 1048 1681 esse
1070 1619 1248 1701 putassent.
1295 1615 1399 1695 Deus,
1425 1618 1480 1702 qui

378 1737 584 1803 Hollandiam
616 1736 724 1821 aequis
747 1736 942 1821 adspiciebat
962 1737 1078 1814 oculis,
1102 1735 1288 1802 Mauritium
1311 1739 1401 1803 nasci
1423 1758 1479 1803 vo-

375 1860 438 1924 luit
459 1856 728 1922 mathematicum.
775 1855 959 1934 Mauritius,
981 1856 1165 1942 intelligens
1187 1859 1408 1943 imperatorias
1428 1881 1479 1924 ar-

376 1984 423 2046 tes
457 1980 663 2065 praecipuum
693 1979 762 2043 fore
790 1979 874 2043 vitae
904 1981 1130 2042 ornamentum
1160 1979 1267 2063 reique
1299 1978 1480 2044 Hollandae

376 2101 586 2187 praesidium,
618 2120 744 2164 omnem
768 2099 946 2164 studiorum
969 2099 1124 2164 rationem
1148 2099 1189 2163 ad
1212 2121 1264 2164 cas
1287 2121 1480 2184 pemoscen-
1514 2129 1516 2131 ·

377 2223 434 2286 das
463 2221 573 2286 statim
603 2221 863 2287 accommodavit.
909 2220 1022 2304 Itaque
1044 2221 1079 2284 in
1102 2219 1335 2286 mathematicis
1358 2222 1434 2286 audi
1457 2223 1481 2286 't

377 2341 585 2426 Rudolphmn
616 2341 788 2420 Snellium,
821 2363 919 2426 eoque
950 2344 1153 2426 praeceptore
1176 2345 1305 2406 tantum
1327 2342 1479 2428 profecit,

378 2466 415 2527 ut
445 2463 596 2527 discendo
625 2483 728 2548 neque
762 2465 831 2526 tum
862 2484 964 2547 neque
991 2465 1102 2547 postea
1124 2485 1266 2547 unquam
1289 2463 1398 2528 satiari
1421 2485 1480 2548 po·

377 2584 491 2663 tuerit,
516 2586 565 2661 et,
585 2583 650 2648 iam
671 2605 811 2648 summos
833 2584 869 2647 in
892 2583 1020 2648 civitate
1042 2583 1179 2649 honores
1202 2585 1353 2670 adeptus,
1375 2585 1481 2649 studia

375 2704 432 2768 illa
454 2705 602 2790 deinceps
625 2726 697 2770 cum
719 2703 847 2771 Simone
870 2702 1001 2770 Stevino
1020 2703 1273 2782 continuaverit,
1294 2705 1383 2769 ouius
1402 2705 1481 2769 adeo

376 2827 551 2891 industriae
584 2826 723 2891 illimtria
753 2827 882 2891 exstant
910 2825 1011 2891 literis
1042 2827 1232 2912 consignata
1262 2829 1479 2890 monumenta.

377 2946 485 3032 Atque
508 2948 602 3012 huius
626 2946 748 3013 Stevini
771 2947 891 3032 gloriae
915 2968 982 3011 non
1005 2947 1077 3031 plus
1100 2947 1195 3011 adiici
1216 2967 1308 3031 posse
1331 2947 1483 3011 censebat

379 3068 524 3147 Grotius,
557 3091 652 3154 quam
683 3069 768 3153 quod
800 3068 952 3133 Mauritio
984 3072 1067 3133 esset
1097 3067 1269 3146 astudiis,
1293 3065 1481 3132 Mauritium

378 3211 452 3255 vero
476 3190 590 3254 eximie
610 3190 721 3255 laudat
744 3213 815 3254 oum
839 3189 881 3254 ob
907 3189 1066 3274 insignem
1089 3189 1124 3252 in
1146 3189 1208 3254 hoo
1227 3208 1343 3273 genere
1362 3188 1480 3252 doctri-

378 3333 471 3386 nam,
494 3314 565 3373 tum
588 3311 788 3394 opinionem,
809 3309 1034 3375 mathematica
1051 3309 1152 3373 literis
1170 3309 1341 3373 Hollandis
1360 3308 1480 3392 optime

379 3451 470 3516 posse
492 3431 660 3515 explicari:
683 3431 718 3493 in
742 3451 805 3514 qua
827 3451 862 3494 re
884 3432 992 3494 tamen
1010 3429 1180 3495 Mauritius
1198 3429 1390 3494 sententiam
1411 3427 1480 3494 Ste-

379 3553 447 3618 vini
471 3555 596 3617 secutus
619 3555 685 3630 est,
707 3551 891 3635 factumque
909 3555 1020 3635 postea
1038 3550 1177 3616 eiusdem
1193 3550 1351 3634 Principis
1370 3552 1480 3614 auoto-

380 3673 491 3752 ritate,
514 3676 552 3738 ut
577 3673 777 3738 arithmetica
800 3676 832 3737 et
855 3673 1028 3758 geometria
1050 3672 1103 3736 hio
1127 3674 1315 3737 docerentur
1337 3691 1481 3736 sermone

380 3794 569 3874 vernaculo,
606 3815 670 3878 quo
705 3794 818 3858 melius
848 3793 945 3858 etiam
975 3791 1156 3857 architectis
1186 3791 1376 3857 militaribus
1405 3813 1482 3856 oon-

380 3915 544 3980 suleretur.
589 3965 591 3970 -

427 4033 594 4100 Caeterum
618 4033 798 4107 ,Mauritius
832 4034 945 4099 Latine
963 4055 1046 4099 »non
1076 4033 1255 4112 nesciebat,
1284 4054 1386 4116 neque
1418 4053 1485 4097 mos

384 4253 552 4270 *dm-'⁴¹⁴¹-

421 4387 508 4437 Lotinc
532 4401 579 4435 non
604 4383 732 4449 screabat)
767 4382 880 4435 Mauritii
903 4384 963 4434 duee
984 4382 1097 4450 epistolae
1118 4381 1216 4434 Latinae
1238 4401 1259 4434 a.
1285 4380 1487 4436 1187111181·

384 4467 493 4533 Lipeinm
510 4469 635 4517 Rectorem
652 4468 790 4518 nominandi
806 4473 831 4517 ct
847 4468 1001 4518 continuandi
1017 4483 1096 4526 eausa,
1115 4467 1191 4516 editae
1207 4468 1320 4531 leguntur
1336 4467 1361 4516 in
1378 4468 1465 4516 Annot.

417 4551 450 4598 Ia
467 4565 514 4600 uua
531 4549 570 4600 ret
602 4549 644 4599 Ed.
662 4565 699 4615 pr.
716 4555 742 4598 ia
757 4566 811 4613 qua.
