3362 5300
537 573 729 620 susrronunrs
747 571 949 616 LucTIONIBuS.
1258 553 1297 612 73

190 761 342 828 victoriae
366 760 546 825 universam
566 755 721 843 patriam,
743 758 780 819 ut
799 777 858 840 par
876 758 962 831 erat,
982 754 1161 819 incredibili
1179 755 1296 838 gaudio

189 882 345 967 replebat.
391 879 455 946 Sed
484 879 597 943 scitote
628 877 745 942 Leidae
766 876 879 955 fuisse,
903 875 1018 959 quibus
1040 874 1121 939 illud
1146 875 1297 959 gaudium

189 1003 299 1067 dolore
322 1003 461 1084 quodam
486 999 680 1063 misceretur.

235 1122 281 1188 Hi
312 1124 405 1186 erant
434 1121 599 1185 literarum
622 1119 755 1184 studiosi
778 1118 1010 1194 adolescentes,
1035 1118 1106 1202 qui,
1132 1118 1197 1182 iam
1220 1120 1299 1182 duos

192 1265 317 1308 menses
340 1243 387 1306 rei
409 1241 540 1306 militari
563 1262 693 1325 operam
715 1240 885 1317 dederant,
910 1242 943 1304 et
965 1239 1185 1324 proficiscendi
1209 1241 1299 1325 cupi·

192 1366 294 1430 ditate
325 1363 525 1448 flagrabant,
557 1382 644 1425 nunc
671 1383 704 1426 se
728 1382 795 1425 non
816 1359 998 1426 interfuisse
1021 1360 1182 1425 dolebant.
1230 1360 1299 1424 lam

148 1505 155 1513 ’
192 1487 329 1551 exeunte
358 1481 412 1547 ΑΟ.
445 1502 621 1547 unoocxm.
654 1493 753 1566 quum
783 1482 886 1566 prima
910 1503 981 1566 spes
1003 1485 1236 1565 recuperandae
1259 1481 1299 1545 li-

192 1604 327 1670 bertatis
347 1602 525 1679 arridebat,
546 1603 628 1666 cives
647 1601 778 1687 Hagani
797 1602 971 1667 Woerdam
990 1605 1206 1687 occuparunt,
1228 1603 1300 1686 qui-

194 1727 256 1790 bus
291 1723 387 1787 etiam
421 1722 545 1807 aliquot
573 1719 764 1786 Academiae
795 1725 923 1788 nostrae
953 1723 1075 1787 alumni
1106 1745 1139 1788 se
1170 1725 1302 1789 comites

194 1845 418 1909 adiunxerant.
466 1842 564 1908 (iuius
587 1841 665 1907 facti
687 1847 819 1908 eventus
844 1844 903 1907 etsi
925 1843 1096 1908 infeliciter
1119 1845 1230 1920 cessit,
1250 1848 1301 1907 ta·

196 1987 272 2030 men
303 1985 495 2049 magnopere
524 1963 685 2027 laudanda
711 1966 760 2028 est
784 1985 892 2028 eorum
916 1964 1064 2041 audacia,
1088 1965 1143 2048 qui
1166 1964 1300 2041 scirent,

198 2108 276 2170 opes
305 2085 486 2170 tyrannidis
508 2084 652 2150 nondum
675 2085 771 2169 plane
793 2105 860 2148 esse
881 2083 1017 2162 fractas,
1041 2085 1102 2150 sibi
1125 2089 1250 2163 autem,
1275 2088 1302 2150 si

195 2209 233 2271 in
262 2207 453 2290 potestatem
483 2205 646 2270 venissent
675 2205 895 2282 inimicorum,
920 2205 1120 2270 moriendum
1144 2229 1210 2272 esse
1233 2228 1302 2271 em-

198 2326 304 2390 nibus.
351 2324 413 2390 Sed
443 2325 590 2411 inprimis
617 2327 711 2388 ardor
734 2325 913 2388 animorum
935 2327 1004 2390 tum
1028 2327 1180 2405 eminuit,
1205 2350 1303 2412 quum

198 2446 386 2531 Napoleon,
416 2445 503 2523 Ilva,
528 2449 565 2509 ut
588 2445 742 2522 diximus,
767 2445 896 2524 relicta,
921 2447 1037 2511 iterum
1060 2447 1208 2526 Parisiis,
1233 2471 1303 2513 aree

200 2566 444 2644 dominationis,
475 2566 598 2649 patriae
621 2568 749 2630 nostrae
771 2566 943 2651 pristinum
969 2569 1102 2633 dedecus
1126 2569 1303 2633 meditaba-

198 2693 264 2754 tur.
313 2687 447 2763 Omnes,
478 2687 617 2770 exceptis
646 2686 702 2770 qui
729 2686 960 2766 valetudinem,
984 2688 1063 2752 vitia
1088 2690 1246 2773 corporis,
1270 2693 1303 2754 et

197 2830 312 2895 graves
335 2829 445 2872 causas
468 2809 671 2884 excusarent,
697 2829 754 2870 sua
781 2811 912 2892 sponte,
942 2809 1069 2874 nemine
1085 2810 1303 2875 Professorum

198 2930 283 2995 olam
313 2931 420 3014 palam
450 2929 600 2993 hortante
622 2929 673 2993 vel
696 2929 871 3006 incitante,
896 2930 1026 2993 nomina
1049 2930 1183 2996 militiae
1205 2933 1304 3016 profi·

198 3055 327 3129 tentur,
360 3074 433 3136 pars
464 3053 549 3134 apud
581 3050 675 3114 duces
706 3050 849 3133 equitum
881 3052 914 3114 et
939 3051 1083 3135 peditum
1107 3051 1305 3117 voluntario-

199 3195 290 3249 rum,
322 3193 395 3256 pars
425 3173 510 3256 apud
539 3170 715 3254 praefectos
743 3172 938 3234 armatorum
960 3171 1094 3248 civium,
1119 3193 1192 3255 pars
1216 3194 1306 3236 suam

200 3295 264 3379 ipsi
295 3291 470 3357 centuriam
501 3294 706 3375 componunt.
756 3288 908 3355 Centurio
938 3291 1066 3374 publice
1096 3295 1199 3356 datus.
1247 3292 1308 3369 Qui

202 3415 309 3478 locum
329 3411 524 3477 centurionis
543 3411 646 3495 primo
667 3413 699 3474 et
719 3414 857 3475 secundo
878 3411 989 3476 ordine
1009 3415 1172 3490 tenerent,
1194 3412 1309 3479 horum

203 3557 221 3599 e
245 3555 302 3599 suo
326 3553 457 3616 corpore
479 3529 687 3615 legendorum
710 3531 797 3596 facta
818 3534 969 3616 potestas.
1008 3532 1052 3597 Et
1074 3533 1133 3597 hos
1156 3534 1218 3598 sibi
1241 3535 1310 3598 dari
1429 3619 1432 3624 Ι

205 3655 346 3718 modeste
376 3651 547 3737 petierunt.
596 3651 762 3716 Caeterum
793 3653 914 3736 paratis
941 3673 998 3717 suo
1022 3655 1129 3716 sumtu
1152 3653 1310 3730 vestibus,

206 3797 243 3840 eo
275 3773 340 3839 fere
371 3773 475 3838 coloro
507 3775 540 3836 et
569 3773 681 3849 modo,
705 3794 768 3856 quo
786 3773 897 3837 velites
921 3775 1072 3858 utuntur,
1096 3794 1176 3856 quos
1200 3773 1310 3857 appel-

206 3897 273 3960 lare
295 3893 432 3958 solemus
455 3895 637 3968 venatores,
661 3893 746 3957 intra
769 3914 928 3970 mensem,
952 3892 1082 3970 habitu,
1107 3893 1311 3972 dexteritate,

206 4018 240 4080 et
268 4013 383 4097 peritia
412 4012 529 4077 milites
560 4012 748 4076 exercitatos
770 4013 960 4096 aequabant.
1008 4012 1052 4076 Et
1076 4016 1219 4078 nondum
1244 4037 1312 4079 om·

207 4157 282 4212 nes,
314 4137 351 4197 ut
379 4132 491 4210 hodie,
525 4132 702 4196 didicerant
733 4131 903 4196 Mathesin.
951 4133 1092 4198 Tantum
1123 4134 1245 4198 scilicet
1267 4135 1314 4199 rei

208 4257 373 4338 susceptae
404 4274 508 4329 amor,
538 4251 759 4329 iudicium,e
760 4252 935 4316 tambitio
959 4254 1077 4318 valent.
1124 4253 1232 4338 Atque
1255 4254 1314 4319 hos

209 4374 442 4450 adolescentes,
475 4395 512 4436 ea
542 4372 719 4458 agitantes,
751 4372 817 4436 dies
840 4371 1024 4438 Waterlous
1046 4377 1190 4458 occupat.
1238 4375 1315 4440 Fuit

211 4494 362 4560 nimirum
385 4517 423 4558 ea
446 4515 569 4577 semper
590 4492 784 4579 Napoleont
775 4514 802 4556 rs
825 4492 926 4572 ratio,
954 4497 992 4558 ut
1014 4497 1139 4580 partem
1162 4495 1316 4563 victoriae
