3338 5302
660 620 699 662 nn
719 617 866 662 aoranae.
1276 597 1316 658 35

211 801 301 867 culus
324 801 426 885 igitur
447 800 580 886 Borgeri
602 822 705 866 sermo
728 800 833 866 colore
856 799 1002 864 Romano
1026 821 1092 864 non
1114 798 1226 863 leviter
1249 796 1314 862 tin·

210 926 280 988 ctus
303 925 370 1000 est,
393 923 449 986 sed
472 921 601 1007 penitus
625 924 704 986 adeo
727 921 887 998 imbutus,
912 922 967 998 ut,
984 918 1011 984 si
1028 920 1131 984 eluere
1147 918 1244 995 velis,
1263 920 1314 981 to-

209 1046 280 1109 tum
302 1065 486 1128 corrumpas
509 1046 542 1107 et
564 1041 668 1108 tollas.
712 1041 897 1118 Quaesitum
920 1044 984 1119 est,
1009 1040 1043 1106 ni
1067 1038 1179 1119 fallor,
1210 1029 1241 1103 a
1257 1042 1315 1103 do-

211 1164 271 1230 ctis
294 1163 496 1242 hominibus,
520 1166 552 1228 et
574 1164 701 1249 publice
717 1183 827 1228 omnes
845 1161 1009 1248 proposito
1025 1161 1167 1246 praemio
1186 1160 1315 1226 invitati

210 1287 303 1363 sunt,
334 1286 372 1349 ut
399 1286 646 1368 responderent,
669 1305 733 1368 quc
755 1286 850 1368 paeto
874 1280 1014 1368 gravies
1037 1281 1139 1346 nostri
1162 1281 1316 1346 sermonis

210 1407 330 1492 optime
360 1405 541 1471 conservari
570 1407 667 1489 atque
697 1405 794 1469 etiam
821 1404 932 1490 augeri
953 1406 1069 1488 posset.
1115 1401 1149 1468 si
1171 1400 1242 1486 quis
1265 1423 1317 1465 me

211 1529 356 1613 rogaret,
379 1527 415 1590 in
438 1547 501 1610 qno
524 1525 642 1611 primas
665 1529 839 1612 ponerem?
885 1525 1120 1612 Responderem
1142 1524 1177 1589 in
1200 1523 1316 1589 Latino

211 1669 364 1714 sermone.
401 1647 587 1714 Secundae?
620 1647 662 1712 In
684 1667 829 1713 sermone
847 1647 974 1713 Latino.
1010 1647 1157 1712 Tertiae?
1191 1645 1232 1710 In
1251 1666 1316 1710 ser-

211 1791 306 1835 mone
335 1767 461 1834 Latino.
508 1768 542 1834 si
572 1768 752 1848 dubitaret,
783 1768 832 1834 illi
863 1769 981 1855 scripta
1011 1769 1147 1854 Borgeri
1169 1769 1317 1834 ostende-

212 1913 297 1968 rem,
328 1889 444 1975 quibus
478 1911 581 1956 meam
610 1893 717 1956 tuerer
739 1890 941 1956 sententiam.
988 1889 1033 1955 Et
1055 1911 1130 1955 vero
1152 1888 1319 1973 ingenium

212 2012 325 2098 populi
347 2011 503 2090 Romani,
526 2012 620 2097 quale
642 2011 705 2076 fuit
725 2012 761 2077 in
784 2011 885 2076 libera
909 2010 1090 2097 republica,
1114 2013 1264 2076 constans
1287 2012 1320 2073 et

214 2136 405 2218 augustum,
432 2132 622 2198 mirabiliter
644 2154 716 2198 cum
738 2132 870 2218 ingenio
892 2131 1005 2216 populi
1027 2132 1129 2196 nostri
1151 2130 1319 2210 convenit,

215 2256 252 2318 ut
285 2254 447 2319 interdum
481 2275 548 2319 non
578 2253 759 2339 intelligere
788 2253 925 2338 possim,
956 2253 1011 2339 qui
1041 2252 1163 2318 factum
1193 2253 1252 2332 sit,
1284 2255 1320 2318 ut

215 2375 327 2460 lingua
349 2378 461 2440 nostra
483 2373 617 2440 similior
639 2374 682 2439 sit
705 2372 861 2453 Graecae,
885 2395 981 2459 quam
1003 2374 1147 2440 Latinae.

261 2495 381 2572 Quodsi
409 2495 485 2561 talis
514 2495 550 2559 in
580 2495 694 2580 lingua
720 2495 891 2560 vernacula
913 2499 996 2560 esset
1018 2494 1195 2580 Borgerus3
1219 2497 1322 2580 qualis

215 2619 252 2681 in
273 2615 391 2681 Latina
413 2615 529 2695 fuerit,
554 2617 669 2701 sponte
691 2619 834 2702 apparet.
870 2615 956 2682 Nam
978 2616 1005 2681 si
1027 2617 1139 2696 illum,
1160 2617 1216 2702 qui
1233 2620 1323 2683 totus

216 2740 287 2802 erat
319 2758 413 2814 suus,
443 2757 483 2800 ex
514 2757 641 2822 seseque
672 2739 783 2822 aptus,
816 2736 895 2802 alios
925 2735 1045 2804 imitari
1076 2738 1179 2802 dicem
1208 2737 1322 2816 Hceat,

217 2859 322 2926 dicam
351 2857 443 2921 illum
472 2855 603 2942 Belgiee
632 2856 783 2936 Latinos,
814 2857 927 2924 Latine
959 2880 991 2923 se
1014 2859 1120 2944 ipsum
1143 2859 1323 2936 imitatum

217 2980 269 3045 vel
293 3019 334 3028 —
358 2979 385 3044 si
408 2978 468 3045 hoc
492 2979 629 3057 malitis,
660 2976 776 3044 Latine
799 2979 972 3064 cogitasse,
997 2983 1075 3046 adeo
1100 2981 1241 3047 studium
1263 2980 1325 3064 ipsi

216 3101 254 3164 in
275 3103 424 3165 naturam
447 3099 628 3165 transierat.
675 3099 772 3164 Multi
795 3098 905 3164 multia
924 3120 1072 3164 versuum
1092 3100 1233 3165 millibus
1252 3104 1326 3185 post

217 3219 402 3288 Ciceronem
429 3224 468 3286 de
493 3220 613 3307 optimo
636 3219 751 3285 Latine
774 3221 901 3286 dicendi
925 3241 1040 3306 genere
1063 3221 1325 3307 disputaverunt,

216 3343 352 3409 Iliadem
383 3344 457 3428 post
478 3341 655 3407 Homerum
678 3341 789 3407 exorsi.
837 3340 897 3407 Oui
919 3342 1029 3407 bono?
1074 3342 1122 3409 Ut
1143 3343 1325 3410 adolescen-

218 3463 305 3528 tibus
329 3463 414 3529 viam
439 3463 620 3541 munirent,
644 3484 725 3548 quae
748 3465 789 3527 ad
813 3463 1028 3549 eloquentiam
1052 3465 1190 3530 duceret.
1234 3464 1325 3544 Scio,

219 3605 280 3649 nee
311 3584 468 3668 vitupero.
515 3583 577 3649 Sed
608 3583 669 3649 hoe
694 3605 752 3672 per
772 3583 853 3648 mihi
871 3583 1045 3649 molestum
1069 3588 1134 3662 est3
1157 3585 1218 3651 hoe
1242 3589 1325 3653 mul-

219 3709 329 3770 torum
352 3704 602 3770 adolescentium
625 3725 720 3768 causa
742 3703 946 3769 vehementer
968 3704 1077 3783 doleo,
1101 3709 1187 3790 qnod
1208 3707 1328 3773 diutius

220 3825 349 3911 ingenti
377 3828 620 3911 praeceptorum
650 3825 733 3890 mole
763 3826 939 3890 onerantur
967 3827 1001 3889 et
1030 3830 1259 3912 propemodum
1281 3829 1328 3894 ita

222 3947 421 4024 obruuntur,
453 3948 490 4011 ut
521 3967 611 4011 rarus
640 3945 715 4012 inde
746 3947 786 4012 ad
817 3946 920 4012 lucem
950 3949 984 4011 et
1012 3947 1214 4032 splendorem
1237 3972 1329 4016 verae

222 4067 424 4152 eloquentiae
446 4068 598 4151 emergat.

269 4187 395 4252 Medius
417 4207 475 4272 per
497 4185 677 4253 Thessalica
699 4186 818 4272 Tempe
841 4187 913 4252 fluit
931 4187 1072 4267 Peneus,
1093 4210 1187 4256 amne
1204 4195 1330 4275 sedato,

224 4308 402 4396 pellucido,
426 4306 607 4393 magnifico.
647 4305 681 4373 si
703 4307 773 4392 quis
796 4308 893 4373 Penei
916 4309 1017 4395 ipsius
1038 4314 1251 4396 cognoscendi
1274 4337 1331 4380 cu·

223 4430 319 4517 pidns
353 4428 535 4494 adolescens
565 4428 635 4493 riae
666 4428 778 4494 ducem
811 4433 993 4514 quaereret3
1022 4431 1112 4516 isque
1143 4434 1252 4500 comiti
1274 4458 1331 4502 suo

224 4552 330 4617 multa
353 4551 394 4616 de
414 4549 556 4618 fluminis
579 4551 695 4615 natura
718 4549 856 4617 iucunde
875 4555 1039 4632 narraret,
1058 4552 1220 4620 interdum
1237 4557 1333 4623 etiam
