3362 5300
366 561 406 624 96
864 575 972 622 caluo

361 765 513 840 matrem,
544 759 770 847 Aquitaniam,
801 763 840 826 da
872 782 924 826 mo
955 759 1091 845 pessime
1113 758 1278 836 meritam,
1302 777 1473 824 novercam

362 883 496 948 habebo.
543 882 642 948 Hunc
675 882 842 947 amabilem
865 903 1020 947 secessum
1043 881 1207 965 cogitans,
1231 879 1291 945 hoc
1315 880 1416 944 otium
1439 883 1473 944 et

361 1005 462 1069 vitam
483 1002 796 1080 innocentissimam,
822 1004 940 1068 sortem
962 1001 1064 1086 Lipsii
1087 1000 1232 1079 dolebat,
1257 1001 1312 1085 qui
1332 998 1472 1065 Hollan-

361 1125 432 1190 diae
454 1123 680 1201 Brabantiam,
705 1123 819 1189 Leidae
843 1122 1021 1188 Levanium
1044 1121 1203 1207 praeferre
1226 1121 1390 1205 potuisset.

407 1245 548 1330 Scaliger
577 1244 708 1310 Leidam
739 1247 870 1310 vocatus
901 1247 967 1321 est,
998 1264 1066 1307 nou
1096 1245 1134 1306 ut
1165 1242 1290 1307 scholas
1318 1242 1471 1320 haberet,

360 1369 415 1433 sed
438 1367 617 1453 praesentia
638 1369 765 1430 tautum
790 1387 847 1430 sua
870 1364 1060 1430 Academiae
1079 1367 1303 1429 ornamentum
1322 1362 1470 1443 adderet,

360 1492 411 1567 et,
441 1509 524 1573 quae
555 1488 668 1571 parata
690 1484 846 1563 habebat,
869 1485 906 1549 in
928 1485 1031 1550 lucem
1056 1486 1178 1561 ederet,
1204 1486 1261 1548 aut
1283 1485 1411 1568 pararet
1432 1482 1470 1548 in

360 1609 471 1674 lucem·
495 1605 635 1673 edenda:
659 1605 779 1671 reditus
802 1608 834 1670 et
856 1605 993 1670 honores
1016 1605 1226 1690 superabant:
1250 1600 1469 1668 Professorum

360 1729 451 1815 quasi
473 1706 625 1811 Princeps
649 1725 891 1812 adspiciebatur.
922 1724 1110 1790 Dominicus
1128 1723 1270 1790 Baudius
1289 1725 1467 1790 orationem

359 1852 530 1936 quamdam
557 1848 604 1912 ita
635 1867 762 1912 exorsus
795 1849 859 1924 est,
893 1849 931 1910 ut
960 1846 1098 1931 primum
1121 1845 1276 1911 salutaret
1298 1845 1468 1911 Rectorem

359 1969 586 2055 Magnificum,
618 1971 688 2032 tum
719 1966 891 2053 Iosephum
923 1966 1136 2052 scaligerum,
1161 1966 1344 2052 posthunc
1368 1988 1467 2052 gene-

358 2111 446 2156 rosos
476 2088 637 2169 Berones,
660 2090 797 2174 denique
820 2088 1017 2153 Professores
1042 2091 1074 2153 et
1096 2085 1286 2153 Academiae
1308 2087 1465 2168 alumnos,

359 2210 513 2276 Videmus
536 2211 641 2275 locum
665 2210 826 2295 Scaligeri.
862 2208 947 2274 Nam
970 2208 1100 2274 Rectori
1122 2207 1295 2294 Magnifica
1315 2208 1350 2273 in
1370 2209 1466 2274 rebus

358 2330 555 2396 Academicis
583 2331 634 2397 vel
663 2332 827 2417 Principes
850 2310 1102 2395 Arausionenses
1124 2329 1289 2394 cedebant.
1335 2329 1464 2395 Nobili·

359 2451 419 2516 tati
450 2454 574 2530 autem,
605 2472 686 2535 quae
717 2454 750 2516 εὴ
775 2471 907 2537 peregre
929 2450 992 2517 huc
1015 2451 1117 2515 multa
1139 2451 1338 2528 ventitabat,
1360 2453 1465 2518 maior

359 2592 454 2657 quam
485 2575 610 2658 postea,
634 2572 736 2638 honos
759 2572 946 2637 habebatur.
992 2571 1037 2635 Et
1058 2572 1126 2657 ipse
1149 2572 1290 2657 Scaliger
1312 2573 1463 2639 maiesta-

357 2697 423 2757 tem
453 2692 676 2759 Academicum
708 2693 817 2778 magni
848 2692 1001 2771 faciebat,
1031 2693 1244 2778 laudabatqua
1273 2693 1388 2758 Leidae
1418 2695 1465 2760 sic

357 2837 424 2880 esse
454 2816 659 2893 institutum,
687 2818 723 2879 ut
746 2814 909 2899 Principes
932 2836 1058 2899 quoque
1077 2816 1305 2899 respondentes
1329 2813 1462 2900 (Docto-

357 2939 474 3002 randos
491 2937 653 3022 vocamus)
669 2936 705 3000 in
721 2935 872 3000 cathedra
890 2935 1040 3000 inferiore
1056 2937 1090 2999 et
1106 2934 1193 3030 nudo
1213 2935 1317 3020 capite
1328 2937 1461 3001 starent.

401 3057 470 3124 Nec
500 3080 573 3124 vero
604 3058 639 3121 in
663 3057 732 3122 aliis
755 3057 840 3122 vitae
863 3056 1000 3141 negotiis
1023 3056 1129 3121 minus
1153 3056 1370 3140 significatum
1393 3060 1462 3134 est,

355 3179 469 3264 quanti
491 3178 686 3263 Scaligerum
709 3177 859 3242 facerent.
894 3175 946 3241 Ne
968 3177 1071 3241 dicam
1095 3175 1230 3241 Ordines
1253 3176 1315 3260 ipsi
1339 3175 1462 3241 dedisse

354 3299 556 3385 privilegium
587 3299 672 3375 vini,
702 3297 796 3362 sicuti
819 3297 973 3361 dederant
994 3296 1146 3361 Mauritio
1171 3299 1204 3361 et
1226 3297 1317 3382 genti
1340 3296 1461 3362 Nassa·

353 3419 456 3494 ricae,
489 3417 639 3501 epistolas
669 3437 780 3500 regum
812 3417 845 3479 et
867 3415 1049 3501 principum
1073 3414 1284 3481 Orientalium
1309 3416 1460 3483 Mauritio

353 3543 385 3606 et
416 3538 589 3604 Ordinibus
613 3538 747 3622 scriptas
770 3536 1060 3621 interpretabatur,
1085 3538 1240 3602 derebus
1264 3537 1460 3623 gravissimis

353 3660 479 3746 publice
513 3659 751 3736 consulebatur,
788 3662 825 3722 ut
859 3657 1031 3742 aliquando
1066 3658 1105 3723 de
1140 3632 1352 3722 declinatione
1384 3679 1460 3722 acus

351 3781 566 3866 magneticae3
597 3784 630 3846 et
660 3769 783 3865 quoties
817 3778 946 3864 Hagam
975 3777 1136 3844 Oomitum
1167 3778 1330 3856 veniebat,
1354 3778 1460 3844 visens

351 3903 488 3968 amicum
522 3898 772 3978 Bunenrallum,
807 3900 949 3984 legatum
983 3899 1117 3965 Henrici
1149 3898 1215 3977 IV,
1249 3901 1281 3964 et
1312 3899 1457 3965 salutans

322 4225 323 4228 ¹
385 4205 439 4253 Non
461 4205 489 4251 ut
512 4201 604 4250 achalm
626 4200 734 4260 beteret,
757 4202 799 4251 aad
816 4201 955 4266 praesentia
977 4205 1072 4250 tantam
1095 4217 1139 4250 arca
1160 4204 1217 4266 cat.)
1253 4203 1308 4268 Ipse
1329 4204 1358 4252 de
1379 4218 1407 4252 ea
1429 4220 1456 4253 re

350 4301 417 4351 saepe
440 4283 542 4350 scripsit.
577 4283 609 4331 ut
631 4282 737 4332 Bandius
756 4283 830 4349 Epist.
849 4299 870 4332 a.
889 4284 967 4342 1593,
984 4300 1007 4349 p.
1028 4285 1071 4334 ὅθι
1093 4285 1179 4334 ,Mine
1196 4300 1280 4335 aureos
1296 4286 1383 4334 solares
1399 4285 1456 4346 (cir-

349 4368 409 4418 citer
426 4367 462 4416 bis
479 4365 546 4416 mille
558 4364 670 4430 florenos)
684 4367 808 4430 annuatim
822 4366 844 4415 ei
857 4365 994 4430 (Scaligcro)
1008 4367 1173 4427 decreverunt,
1188 4384 1231 4417 nec
1246 4368 1311 4418 aliud
1325 4368 1455 4432 quidquam

349 4449 378 4498 ab
394 4465 422 4497 co
439 4449 549 4513 exigunt,
567 4447 613 4496 nisi
630 4449 657 4496 ut
673 4462 799 4510 congressu
816 4451 987 4512 conspectuque
1004 4464 1046 4497 suo
1063 4449 1224 4510 celebritatem
1241 4450 1381 4499 Academiae
1398 4467 1454 4500 con·

348 4530 437 4586 ciliae?
454 4558 488 4569 -
506 4531 578 4584 Haud
595 4527 705 4581 dissimili
721 4528 819 4578 consilio
835 4533 916 4599 postea
933 4533 1029 4582 vocatus
1048 4533 1083 4580 est
1101 4531 1214 4584 Claudius
1233 4532 1368 4586 Salmasius.

416 5048 710 5269 ——s
