3362 5300
565 573 604 620 na
632 571 757 619 rossano
778 567 949 619 scurcsso.
1272 545 1313 614 93

199 757 355 826 didicerat
384 781 423 824 ex
453 758 545 824 libris
576 756 728 835 Lutberi,
756 756 844 824 euius
874 755 1059 822 facundiam
1082 758 1120 820 ut
1139 755 1310 834 laudabat,

198 880 247 945 ita
282 878 518 946 vehementiam
553 876 768 963 vituperabat.
814 876 944 942 Auxilio
973 877 1104 962 linguae
1135 874 1312 942 Germanae

196 1001 327 1067 acinus
361 1000 461 1066 libros
492 997 673 1064 Hollandos
704 997 813 1064 statim
843 997 1019 1075 intellexit,
1051 999 1086 1062 et
1113 996 1203 1063 brevi
1229 997 1311 1062 Hol-

195 1123 294 1189 lande
327 1123 454 1188 locutus
479 1124 545 1200 est,
570 1142 637 1212 non
661 1120 781 1206 optime
805 1119 951 1204 quidem,
976 1121 1032 1184 sed
1054 1121 1093 1182 ut
1113 1119 1310 1204 intelligere·

193 1247 260 1309 tur.
318 1242 414 1308 Hanc
448 1241 634 1308 facultatem
675 1241 705 1306 ei
744 1241 910 1306 invidebat
947 1239 1136 1306 Franciscus
1177 1239 1308 1318 Iunius,

194 1366 330 1431 audiens
362 1364 398 1430 in
431 1363 559 1429 officina
589 1362 803 1448 Raphelengii
830 1361 1028 1428 fabulantem
1051 1361 1181 1448 (cruditi
1204 1360 1308 1427 homi-

193 1508 255 1551 nes
289 1488 367 1550 tunc
401 1507 495 1570 saepe
525 1485 561 1549 in
595 1483 737 1549 officinas
768 1483 970 1549 librariorum
1000 1483 1245 1570 conveniebant)
1276 1487 1309 1548 et

193 1608 308 1672 dolens
341 1628 375 1671 se
405 1606 490 1672 idem
520 1626 588 1670 non
612 1605 727 1671 valere.
774 1603 836 1671 Sed
859 1603 1019 1689 Scaligero
1042 1604 1138 1670 ludus
1161 1607 1231 1669 erat
1252 1627 1307 1688 pe-

193 1728 343 1813 regrinas
366 1727 494 1812 linguas
518 1727 637 1792 discere
660 1729 693 1790 et
716 1725 816 1791 animi
838 1725 1001 1791 relaxatio.
1048 1726 1162 1812 Itaque
1181 1730 1214 1792 et
1234 1749 1307 1792 ora-

192 1853 281 1914 tores
310 1869 416 1912 sacros
439 1868 506 1912 non
530 1847 633 1932 magis
655 1846 855 1912 Wallonicos
878 1846 1027 1912 audiebat
1049 1869 1146 1932 quam
1168 1847 1306 1913 Hellan-

193 1973 270 2047 dos,
312 1972 344 2034 et
377 1968 470 2034 valde
499 1968 653 2034 laudabat
683 1967 877 2033 Tbelcatium
906 1970 1041 2054 utraque
1072 1967 1225 2034 facultate
1251 1991 1305 2034 ex·

192 2091 374 2158 callentem.

243 2211 372 2276 Leidam
405 2214 512 2277 autem
543 2210 633 2276 venit
663 2213 827 2294 tamquam
858 2209 932 2275 Bias
962 2210 1094 2295 aliquis,
1117 2211 1226 2276 omnia
1248 2235 1306 2278 sua

192 2356 303 2400 secum
328 2336 480 2417 portans,
504 2331 738 2397 Bibliothecam
761 2331 796 2395 in
818 2331 968 2409 Francia,
992 2331 1096 2397 tribus
1117 2333 1196 2398 loeis
1213 2334 1306 2399 dissi·

188 2457 318 2541 patam,
327 2454 504 2538 relinquere
511 2456 649 2518 coactus.
662 2451 727 2516 Diu
734 2451 852 2516 frustm
860 2452 1017 2537 quaesivit
1027 2452 1305 2538 patremfamilias,

190 2599 213 2641 a
230 2596 293 2660 quo
311 2576 346 2638 in
358 2578 488 2640 domum
499 2573 692 2659 reciperetur
707 2576 740 2638 et
757 2575 844 2638 certa
861 2575 1002 2638 mercede
1019 2572 1166 2638 aleretur.
1190 2574 1306 2640 Totam

190 2696 308 2762 urbem
340 2718 461 2760 annum
491 2696 697 2780 perreptavit.
743 2693 888 2758 Tandem
919 2695 1011 2758 aedes
1039 2694 1109 2779 ipse
1131 2695 1302 2773 conduxit,

188 2815 423 2902 supellectilem
446 2815 590 2902 paravit,
615 2815 744 2901 eiusque
766 2836 816 2879 res
835 2813 1019 2894 familiaris,
1039 2819 1077 2880 ut
1094 2815 1221 2901 scripsit
1241 2815 1303 2882 Oa-

188 2937 355 3017 sanbono,
376 2937 484 3003 stabat
506 2939 539 3001 et
563 2936 697 3000 cadebat
715 2939 797 3001 nutu
817 2936 912 3001 unius
931 2935 1043 3001 famuli
1064 2939 1096 3001 et
1108 2938 1214 3002 uxoris
1226 2937 1301 3003 eius.

243 3057 467 3124 Oasaubonum
485 3079 513 3122 a.
536 3057 624 3122 1604
644 3057 774 3122 Leidam
797 3059 1000 3140 exspectans:
1031 3055 1227 3142 ›Hyemem,
1250 3057 1302 3122 in-

190 3179 282 3266 quit,
312 3178 475 3244 luculento
498 3176 570 3242 foco
594 3177 864 3262 expugnabimus,
888 3177 944 3262 qui
967 3199 1133 3262 nunquam
1154 3177 1190 3242 in
1212 3179 1302 3244 cubi·

190 3299 266 3368 culo
292 3303 348 3365 tuo
373 3298 507 3364 deficiet.
554 3297 626 3362 Hoc
650 3300 759 3363 tamen
782 3297 924 3376 nullum,
950 3301 1076 3383 praeter
1099 3300 1148 3378 te,
1172 3297 1304 3366 habebit

190 3420 451 3489 ornamentum.”
499 3419 641 3504 Scaliger
672 3419 707 3486 in
731 3419 787 3484 illa
810 3419 904 3485 domo
927 3420 993 3485 suis
1015 3420 1109 3486 rebus
1132 3425 1304 3488 contentus

195 3613 366 3628 ——-—

227 3723 313 3771 Frane.
338 3722 433 3784 Iunius)
466 3725 508 3772 De
529 3723 587 3782 Ina,
611 3724 653 3771 De
674 3723 733 3772 losse
756 3722 864 3782 (Iunius,
882 3723 1002 3772 Hellande
1019 3723 1170 3788 appellantur
1191 3724 1244 3772 Vae
1260 3724 1304 3773 der

190 3804 269 3865 Βία).
291 3803 397 3854 Biturix.
415 3807 450 3854 De
466 3805 589 3870 praeclaro
600 3805 645 3855 hcc
661 3805 781 3870 Theologo
799 3806 844 3855 vid.
864 3807 899 3853 De
917 3805 1006 3863 Orare,
1021 3806 1065 3854 Or.
1079 3805 1146 3855 lund.
1160 3821 1183 3869 p.
1200 3805 1215 3854 9
1230 3809 1255 3855 et
1262 3808 1304 3856 48.

227 3886 403 3936 Bibliothecam
414 3925 419 3936 .
430 3925 435 3936 .
447 3925 453 3936 .
467 3888 598 3952 relinquere
611 3885 719 3954 coactu)
738 3887 773 3936 Cf
792 3887 835 3952 Ep.
854 3889 884 3936 ad
902 3885 999 3936 Camub.
1018 3904 1041 3952 p.
1060 3886 1116 3939 157.
1152 3888 1222 3937 Anno
1241 3889 1305 3938 1604

191 3963 271 4017 adbuc
288 3983 378 4034 pauper
397 3972 449 4017 erat
467 3968 600 4018 librorum..
634 3968 671 4018 Ab
689 3968 771 4018 amicis
787 3969 886 4018 utendos
903 3972 996 4035 petere,
1020 3985 1095 4033 quum
1112 3985 1154 4019 auo
1172 3986 1226 4019 aere
1243 3987 1306 4021 ccm-

190 4065 278 4115 pararc
295 4053 385 4115 posset,
405 4067 480 4115 neque
497 4050 567 4099 civile
584 4067 633 4100 csse
649 4051 762 4116 putabat,
781 4066 856 4114 nequa
874 4051 920 4116 ipsi
936 4051 1056 4116 expedire:
1080 4051 1157 4118 epist.
1173 4069 1197 4118 p.
1216 4053 1272 4102 590.

232 4131 306 4182 Unius
321 4132 426 4198 Jtmali)
461 4134 534 4182 Ionae
558 4133 690 4199 appellatus
713 4149 762 4182 csse
785 4133 888 4182 videtur.
923 4133 1030 4182 Baudluc
1053 4133 1103 4183 cius
1120 4132 1234 4198 pietatem
1251 4149 1307 4200 erga

189 4215 340 4280 Scaligcrnm
366 4215 434 4265 valde
457 4215 553 4275 laudat,
577 4231 678 4280 eumque
700 4216 851 4265 commendat
873 4214 980 4280 publicae
1002 4215 1154 4274 liberalitati,
1181 4216 1256 4282 aput.
1282 4233 1306 4282 p,

190 4295 251 4348 287.
268 4299 298 4347 D.
318 4297 403 4346 Heius.
422 4298 452 4346 ad
469 4297 544 4362 epist.
563 4297 676 4362 Scaligcri
693 4314 717 4363 p.
736 4298 792 4347 839.

226 4380 352 4444 Hyemem,
374 4381 466 4446 inquit)
501 4379 577 4447 Epist.
595 4381 625 4429 ad
642 4379 820 4438 Casaubcnum,
840 4397 864 4446 p.
882 4381 939 4430 269.

228 4464 335 4528 Scaliper
360 4464 387 4511 ia
414 4463 459 4511 illa
483 4465 549 4512 donae
574 4466 629 4523 cet.)
663 4462 795 4511 Habitabut
821 4462 913 4512 vicinus
936 4463 1023 4512 Oarolo
1046 4463 1140 4522 Clusio,
1164 4464 1259 4515 Clusius
1282 4467 1307 4517 in

194 4545 276 4596 llorto
294 4545 450 4598 Academico:
469 4544 516 4595 vid.
535 4543 612 4596 clunii
630 4544 705 4612 Epist.
723 4544 749 4594 iu
767 4544 863 4612 Sylloge
880 4545 1012 4598 Burmann.
1031 4545 1057 4596 T.
1078 4546 1097 4596 1.
1117 4562 1139 4614 p.
1159 4545 1215 4600 324.
