3362 5296
772 501 875 548 Novum
895 501 1017 550 oualfflu
1036 503 1169 552 nlouwu

485 686 649 751 Murmure
672 685 738 749 iam
761 689 914 750 resonant
936 687 1066 771 explosa
1090 688 1235 754 tonitrua
1257 711 1371 769 rauce,

576 806 731 873 Str-iderti
754 807 874 873 circum
897 829 983 874 mers
1005 809 1094 873 volat
1117 811 1187 874 atra
1210 830 1300 874 sono.

484 927 629 992 Vulnera
652 932 739 1002 sunt.
785 928 953 1013 Multoque
975 930 1048 994 fluit
1069 931 1108 996 de
1132 951 1263 1014 corpore
1286 932 1424 1014 sanguis.

576 1047 700 1115 Deieoti
723 1050 872 1116 mordent
895 1071 948 1115 ore
971 1053 1127 1116 tremente
1150 1052 1263 1116 solum.

485 1168 584 1235 Nulla
608 1171 707 1255 quies.
755 1171 856 1238 Simul
877 1193 941 1238 uno
966 1173 1107 1257 agitatur
1129 1175 1257 1240 turbine
1279 1175 1396 1254 moles,

553 1292 684 1378 Quaque
709 1295 816 1372 venit,
841 1316 934 1360 saeva
958 1316 1031 1360 cum
1055 1296 1213 1380 grauitate
1235 1296 1335 1362 venit.

483 1414 644 1481 Aetheriis
668 1416 713 1482 sio
738 1415 841 1482 fertur
864 1416 904 1480 ab
927 1414 1083 1500 Alpibus,
1107 1417 1202 1481 obvia
1224 1438 1368 1502 quaeque

446 1529 450 1534 ’
576 1536 804 1614 Prosternane,
829 1536 953 1621 gelidae
975 1538 1044 1602 dira
1067 1537 1161 1602 ruina
1184 1537 1276 1603 nivis.

490 1655 572 1732 Quid
595 1656 715 1736 facitis,
741 1657 885 1743 Belgae?
930 1658 1054 1724 Erratis
1075 1659 1206 1744 regione
1229 1659 1370 1741 viarum,

576 1777 757 1846 Adversum
778 1778 942 1844 Hollando
966 1780 1096 1844 tramite
1118 1780 1207 1844 ducit
1227 1780 1299 1844 iter.

488 1897 571 1974 Quid
595 1899 725 1966 facitis?
771 1898 848 1966 Non
870 1899 930 1965 hae
954 1900 1075 1984 petitur
1097 1899 1289 1966 Mareoticus
1312 1919 1420 1984 agger.

577 2019 712 2086 Consilii
735 2019 816 2086 celer
838 2022 904 2099 est,
929 2042 996 2085 non
1019 2020 1114 2106 fuga,
1139 2023 1250 2107 oredo}
1276 2024 1389 2086 metus.

487 2141 626 2208 Insidias
649 2142 742 2208 nobis
767 2143 800 2208 ot
820 2141 897 2206 belli
920 2141 1008 2206 furta
1025 2141 1163 2226 paratis,

579 2263 682 2329 (lauta
705 2285 762 2330 suo
786 2264 888 2330 virtus
910 2262 1027 2328 Dainia
1050 2266 1177 2347 statque
1200 2261 1282 2326 loco.

488 2383 616 2450 Scilicet
637 2385 689 2450 hic
713 2386 827 2464 etiam,
850 2388 944 2471 tergo
966 2407 1035 2450 non
1058 2386 1186 2468 pectore
1207 2383 1319 2461 fortis,

580 2506 743 2591 Corripuit
765 2506 909 2571 volueres
933 2528 1006 2572 cum
1029 2506 1107 2570 duce
1131 2504 1225 2569 turba
1247 2504 1351 2588 pedes.

489 2628 596 2714 thue
620 2628 669 2694 leo
694 2648 803 2693 cervos
822 2648 937 2712 peoora
958 2627 1043 2692 inter
1065 2626 1182 2692 inertia
1203 2625 1323 2702 saevit,

578 2749 626 2816 Ut
649 2751 744 2835 lupus
766 2748 911 2814 imbelles
933 2748 1068 2813 Martius
1089 2748 1175 2813 inter
1198 2768 1289 2812 oves:

489 2871 541 2938 sie
562 2871 681 2956 Belgae
703 2870 869 2954 trepidant
890 2870 1021 2935 abiectis
1044 2869 1182 2954 turpiter
1204 2869 1320 2944 armis,
1437 2866 1443 2926 ζ

579 2991 712 3057 Terrore
735 2991 837 3057 offuso
859 3013 917 3056 noo
941 2990 1113 3055 meminere
1136 2991 1193 3055 sui.

490 3113 552 3180 Sed
575 3113 739 3191 meminit,
764 3112 841 3197 quid
865 3114 974 3178 enim?
1021 3111 1172 3177 Gulielmi
1193 3111 1281 3196 regia
1303 3111 1424 3196 proles,

581 3235 643 3300 Per
664 3256 762 3300 venas
785 3235 917 3319 sanguis
940 3232 1176 3317 Nassaviusque
1198 3232 1290 3296 calet.

490 3352 568 3418 llsse
591 3354 720 3438 quidem
742 3358 869 3438 optaret
891 3355 1021 3419 meliore
1044 3354 1205 3420 animosus
1226 3353 1263 3417 in
1286 3352 1395 3430 hoste,

581 3473 626 3542 Et
648 3475 797 3540 manibus
820 3473 951 3540 mancis
973 3475 1170 3540 conseruisse
1192 3494 1317 3538 manus.

490 3597 730 3682 Napoleonteae
752 3596 880 3681 qualem
902 3595 1008 3663 videro
1031 3595 1206 3680 phalanges

582 3717 707 3784 Vadere
730 3719 765 3782 in
787 3717 941 3802 Hispanis
964 3717 1148 3802 permedia
1171 3737 1258 3780 arma
1280 3715 1374 3800 iugis.

491 3838 560 3904 Aut
582 3839 725 3906 validum
737 3839 846 3924 paucis
868 3839 1006 3904 retinere
1029 3838 1214 3902 iuvantibus
1237 3856 1372 3922 agmen,

583 3957 733 4024 Deiectus
756 3959 847 4024 nullo
871 3960 910 4024 de
933 3959 1072 4024 statione
1093 3963 1192 4023 metu.

492 4080 601 4165 Atque
624 4101 727 4145 emere
750 4082 896 4145 aeternos
919 4081 1061 4144 mercede
1084 4079 1204 4143 cruoris
1227 4077 1384 4155 honores,

583 4201 663 4280 Hic,
688 4201 744 4265 ubi
764 4223 822 4286 per
845 4203 983 4285 quatuor
1005 4200 1137 4266 brachia
1160 4201 1245 4264 secta
1267 4199 1321 4264 via
1340 4202 1398 4264 est.

494 4324 555 4391 seu
579 4323 714 4390 similem
737 4322 842 4408 pariet
864 4321 998 4386 victoria
1021 4319 1112 4385 nulla
1134 4319 1354 4404 triumphum,

584 4444 730 4534 Europus
1001 4463 1058 4506 usa
1079 4440 1202 4525 Deique
1225 4440 1331 4505 simul.
