3362 5300
676 545 866 596 nemeacus.
1254 520 1314 589 lac

202 723 335 808 propter
365 728 521 793 caeteram
550 731 728 798 animorum
751 733 786 798 in
808 732 858 796 his
883 729 996 794 studiis
1020 732 1052 793 et
1075 728 1211 814 negotiis
1234 748 1311 791 con·

202 843 397 924 sensionem,
431 847 592 936 discipulis
623 874 748 940 quoque
780 852 898 918 nostris
923 848 1108 916 concordiae
1133 847 1312 932 exemplum

202 963 310 1029 vivere
339 967 511 1048 potuimus.
558 969 607 1036 Tu
638 993 750 1056 porro,
783 993 919 1058 vosque,
953 969 1093 1054 collegae
1116 969 1311 1034 coniunctis-

203 1083 301 1162 simi,
332 1086 480 1156 laudibus
515 1091 626 1157 vestris
661 1091 787 1168 florete;
824 1113 884 1158 nec
919 1089 966 1156 (11.
1003 1111 1067 1155 van
1101 1089 1222 1166 Breda,
1257 1089 1312 1176 qui

203 1202 316 1268 Musea
348 1204 535 1290 Teyleriana
569 1212 602 1276 at
631 1210 821 1280 Societatem
851 1209 978 1278 tuendis
1012 1208 1164 1273 doctrinis
1195 1206 1311 1274 Harle-

202 1346 347 1389 mcnsem
378 1348 449 1393 cum
480 1326 652 1397 Academia
681 1331 836 1408 mutarit,
868 1330 962 1394 huius
989 1330 1114 1398 consilii
1136 1328 1309 1414 poeniteat.

203 1443 292 1520 Quos
315 1445 486 1515 domestico
507 1449 638 1518 vulnere
661 1450 797 1518 vidimus
820 1452 991 1527 laceratos,
1015 1449 1068 1527 hi,
1087 1471 1150 1536 qua
1170 1449 1239 1534 pati
1257 1449 1309 1515 in·

203 1587 333 1650 cepere,
364 1567 526 1650 perferant
556 1571 755 1648 constantia,
787 1593 839 1649 ea,
870 1592 966 1656 quam
998 1571 1066 1636 sola
1095 1570 1312 1637 sanctissimae
1389 1577 1391 1581 ’

202 1685 368 1770 religionis
390 1691 557 1774 praecepio
580 1693 620 1758 ad
643 1690 826 1757 leniendum
849 1690 990 1755 dolorem
1014 1689 1209 1755 ministrant.
1233 1689 1310 1756 Non

203 1807 268 1874 hoc
300 1808 415 1896 loquor
445 1811 669 1880 calculationis
692 1811 742 1877 vel
767 1810 1009 1878 consuetudinis
1032 1831 1142 1890 eausa,
1167 1810 1222 1874 sed
1244 1810 1311 1898 ipsc

203 1928 364 1992 malorum
391 1929 477 1996 haud
508 1930 656 2016 ignarus,
687 1954 786 2017 eoque
811 1932 913 2015 magis
942 1930 1038 1996 etiarn
1061 1931 1310 2015 persentiscens,

205 2049 285 2136 quid
328 2049 427 2118 animi
462 2051 649 2135 parentibus
681 2051 799 2129 100111,
835 2073 970 2138 quorum
1004 2051 1084 2128 filii,
1121 2049 1312 2118 Academiae

205 2169 346 2247 alumni,
377 2170 478 2235 vitam
508 2172 679 2238 immatura
708 2173 811 2240 morte
842 2173 1092 2236 commutavere:
1117 2193 1221 2256 neque
1244 2173 1312 2238 sine

204 2291 339 2358 horrore
364 2289 487 2357 luctum
510 2291 544 2354 et
566 2312 741 2356 moerorem
765 2291 887 2375 cogito,
911 2290 1027 2376 quibus
1050 2291 1194 2376 perculsa
1217 2293 1313 2380 atque

205 2411 331 2476 abiecta
360 2409 423 2474 tuit
450 2410 561 2475 domus
587 2410 777 2488 thewala,
801 2434 901 2499 quum
924 2433 1005 2476 uxor
1027 2412 1196 2489 maritum,
1220 2414 1313 2478 liberi

203 2535 331 2616 patrem
362 2531 599 2596 dilectissimum
629 2532 773 2598 viderent
803 2532 1001 2598 morientem.
1049 2531 1110 2598 Sed
1140 2532 1200 2598 iste
1223 2533 1313 2598 dolor

205 2675 276 2720 non
309 2653 396 2718 intra
429 2653 565 2737 parietes
599 2653 705 2718 stetit:
737 2652 894 2740 pertinuit
925 2653 965 2716 ad
994 2653 1113 2718 multos
1144 2653 1240 2730 alios,
1271 2653 1312 2719 ad

205 2775 430 2852 Academiam,
456 2774 496 2838 ad
518 2773 762 2840 Neerlandiam:
786 2774 932 2859 publicus
954 2773 1020 2838 fere
1042 2773 1121 2850 fuit,
1141 2773 1311 2860 postquam

205 2897 306 2982 vulgo
329 2887 468 2980 1111011181
490 2897 638 2978 coeptum
661 2897 726 2973 est,
750 2897 907 2980 quantum
930 2895 965 2960 in
989 2915 1026 2962 00
1049 2894 1133 2962 10101
1150 2895 1310 2962 amissum.

205 3017 380 3102 Attingam
403 3017 626 3081 tantummodo
651 3037 799 3082 summas.

255 3135 414 3204 Gerendus
438 3135 648 3214 thewalus,
680 3159 708 3200 a.
733 3156 920 3202 amconxxvr
944 3137 1077 3221 antiquo
1098 3139 1131 3202 01
1153 3137 1311 3202 honorato

206 3280 324 3344 genere
356 3260 466 3334 natus,
498 3277 577 3340 puer
598 3259 713 3323 ardens
737 3257 911 3342 cupididate
933 3257 1033 3324 maria
1055 3257 1219 3336 tentandi,
1244 3280 1313 3324 eam

206 3380 320 3444 matris
343 3399 438 3442 causa
461 3376 626 3460 oppressit.
673 3377 714 3442 In
738 3376 911 3443 Academia
934 3379 1107 3444 multarum
1128 3379 1313 3464 disciplina·

206 3522 280 3564 rum
309 3499 403 3574 initia
433 3497 540 3564 animo
570 3500 772 3583 complexus,
805 3498 1090 3583 Imisprudentiam
1113 3501 1146 3564 01
1169 3498 1313 3566 Oecono-

207 3621 306 3684 miam
340 3619 525 3698 Politicam,
560 3641 627 3684 nen
657 3619 751 3683 exiles
781 3619 853 3684 illas
884 3621 917 3683 ct
946 3619 1081 3696 ieiunas,
1112 3622 1166 3685 scd
1197 3621 1313 3683 ornatu

207 3741 359 3806 historico
390 3740 532 3823 excultas
563 3743 595 3805 01
626 3740 766 3817 nitidas,
790 3738 916 3824 0810810
938 3738 1081 3812 retinuit.
1129 3737 1314 3826 (luicunque

208 3861 312 3927 officio
342 3860 494 3945 praefuit,
526 3860 592 3926 sive
610 3862 759 3925 ‘curando
784 3858 894 3944 aggeri
916 3858 1078 3936 Leccano,
1103 3858 1168 3922 sive
1191 3859 1313 3924 10110-

209 3981 307 4080 eticae
336 3981 372 4044 in
402 3981 533 4066 regione
563 3980 789 4057 Ultraiectina,
825 3980 890 4044 sive
913 3979 975 4044 iuri
996 3979 1032 4042 in
1056 3979 1134 4043 urbe
1156 3979 1313 4058 dicundo,

209 4125 282 4167 cum
305 4102 434 4186 collegis
457 4103 552 4164 modo
574 4104 613 4165 de
636 4100 821 4185 diligentia,
844 4100 960 4183 peritia
982 4101 1015 4164 01
1037 4099 1224 4184 integritate
1247 4120 1313 4171 eer-⁴

209 4223 317 4300 tabat,
342 4221 582 4306 habebaturque
603 4221 639 4284 in
661 4221 755 4286 bonis
778 4219 926 4305 optimus.
962 4219 1089 4285 Patriae
1108 4221 1140 4283 et
1158 4219 1315 4300 libertatis

243 4492 366 4559 Parietes)
401 4493 443 4543 Ed
462 4507 498 4558 pr.
509 4491 617 4556 parietes
632 4489 748 4555 pacata,
